<?xml version="1.0" encoding="UTF-8"?>
<!DOCTYPE html PUBLIC "-//W3C//DTD XHTML 1.0 Transitional//EN"
    "http://www.w3.org/TR/xhtml1/DTD/xhtml1-transitional.dtd">
<html xmlns="http://www.w3.org/1999/xhtml" xml:lang="en" lang="en">
 <head>
  <title>
</title>
<meta http-equiv="Content-Type" content="text/html;charset=utf-8" />
  <meta name='ocr-system' content='tesseract 3.04.00' />
  <meta name='ocr-capabilities' content='ocr_page ocr_carea ocr_par ocr_line ocrx_word'/>
</head>
<body>
  <div class='ocr_page' id='page_1' title='image "./novellajustinia00wiedgoog/novellajustinia00wiedgoog_0170.png"; bbox 0 0 2936 4554; ppageno 0'>
   <div class='ocr_carea' id='block_1_1' title="bbox 651 301 811 404">
    <p class='ocr_par' dir='ltr' id='par_1_1' title="bbox 651 301 811 404">
     <span class='ocr_line' id='line_1_1' title="bbox 651 301 811 404; baseline -0.006 -32"><span class='ocrx_word' id='word_1_1' title='bbox 651 301 811 404; x_wconf 54' lang='grc' dir='ltr'>-ψ-</span> 
     </span>
    </p>
   </div>
   <div class='ocr_carea' id='block_1_2' title="bbox 224 481 1240 3357">
    <p class='ocr_par' dir='ltr' id='par_1_2' title="bbox 224 481 1240 3357">
     <span class='ocr_line' id='line_1_2' title="bbox 226 481 1240 569; baseline 0.001 -18"><span class='ocrx_word' id='word_1_2' title='bbox 226 483 360 551; x_wconf 85' lang='lat' dir='ltr'>beneficii</span> <span class='ocrx_word' id='word_1_3' title='bbox 388 485 574 549; x_wconf 72' lang='lat' dir='ltr'>excussionis</span> <span class='ocrx_word' id='word_1_4' title='bbox 602 481 677 550; x_wconf 87' lang='lat' dir='ltr'>iilud</span> <span class='ocrx_word' id='word_1_5' title='bbox 704 485 851 569; x_wconf 77' lang='lat' dir='ltr'>accepisse</span> <span class='ocrx_word' id='word_1_6' title='bbox 879 483 1030 562; x_wconf 86' lang='lat' dir='ltr'>videatur,</span> <span class='ocrx_word' id='word_1_7' title='bbox 1060 487 1138 552; x_wconf 88' lang='lat' dir='ltr'>iuter</span> <span class='ocrx_word' id='word_1_8' title='bbox 1165 486 1240 552; x_wconf 90' lang='lat' dir='ltr'>alios</span> 
     </span>
     <span class='ocr_line' id='line_1_3' title="bbox 226 592 1240 686; baseline 0.002 -20"><span class='ocrx_word' id='word_1_9' title='bbox 226 613 324 666; x_wconf 85' lang='lat' dir='ltr'>antem</span> <span class='ocrx_word' id='word_1_10' title='bbox 336 598 524 664; x_wconf 86' lang='lat' dir='ltr'>adeitatiorris</span> <span class='ocrx_word' id='word_1_11' title='bbox 536 592 697 680; x_wconf 81' lang='lat' dir='ltr'>fautores⁶)</span> <span class='ocrx_word' id='word_1_12' title='bbox 711 601 867 686; x_wconf 84' lang='lat' dir='ltr'>praecipue</span> <span class='ocrx_word' id='word_1_13' title='bbox 878 600 1050 666; x_wconf 85' lang='lat' dir='ltr'>Ludovieus</span> <span class='ocrx_word' id='word_1_14' title='bbox 1062 595 1240 684; x_wconf 79' lang='lat' dir='ltr'>Rueekert⁷)</span> 
     </span>
     <span class='ocr_line' id='line_1_4' title="bbox 226 709 1239 806; baseline 0.001 -25"><span class='ocrx_word' id='word_1_15' title='bbox 226 717 301 781; x_wconf 80' lang='lat' dir='ltr'>salsa</span> <span class='ocrx_word' id='word_1_16' title='bbox 323 718 405 781; x_wconf 79' lang='lat' dir='ltr'>noeis</span> <span class='ocrx_word' id='word_1_17' title='bbox 434 713 610 792; x_wconf 75' lang='grc' dir='ltr'>»ἒκετνος,«</span> <span class='ocrx_word' id='word_1_18' title='bbox 639 716 725 804; x_wconf 85' lang='lat' dir='ltr'>nujus</span> <span class='ocrx_word' id='word_1_19' title='bbox 754 714 790 779; x_wconf 89' lang='lat' dir='ltr'>de</span> <span class='ocrx_word' id='word_1_20' title='bbox 820 718 942 780; x_wconf 89' lang='lat' dir='ltr'>notione</span> <span class='ocrx_word' id='word_1_21' title='bbox 968 709 1091 804; x_wconf 82' lang='lat' dir='ltr'>supra⁸)</span> <span class='ocrx_word' id='word_1_22' title='bbox 1115 721 1239 806; x_wconf 80' lang='lat' dir='ltr'>egimus,</span> 
     </span>
     <span class='ocr_line' id='line_1_5' title="bbox 225 829 1239 920; baseline 0.002 -23"><span class='ocrx_word' id='word_1_23' title='bbox 225 834 469 919; x_wconf 76' lang='lat' dir='ltr'>interpretatione</span> <span class='ocrx_word' id='word_1_24' title='bbox 491 831 638 897; x_wconf 83' lang='lat' dir='ltr'>adductus</span> <span class='ocrx_word' id='word_1_25' title='bbox 661 833 726 908; x_wconf 75' lang='lat' dir='ltr'>sit,</span> <span class='ocrx_word' id='word_1_26' title='bbox 740 843 775 896; x_wconf 93' lang='lat' dir='ltr'>ut</span> <span class='ocrx_word' id='word_1_27' title='bbox 796 829 1004 896; x_wconf 85' lang='lat' dir='ltr'>adeitationem</span> <span class='ocrx_word' id='word_1_28' title='bbox 1026 833 1239 920; x_wconf 76' lang='lat' dir='ltr'>comprobarit,</span> 
     </span>
     <span class='ocr_line' id='line_1_6' title="bbox 225 945 1238 1036; baseline 0.002 -23"><span class='ocrx_word' id='word_1_29' title='bbox 225 948 275 1014; x_wconf 86' lang='lat' dir='ltr'>hio</span> <span class='ocrx_word' id='word_1_30' title='bbox 296 948 361 1034; x_wconf 89' lang='lat' dir='ltr'>ejus</span> <span class='ocrx_word' id='word_1_31' title='bbox 384 946 421 1012; x_wconf 91' lang='lat' dir='ltr'>de</span> <span class='ocrx_word' id='word_1_32' title='bbox 437 950 617 1036; x_wconf 78' lang='lat' dir='ltr'>argumentis</span> <span class='ocrx_word' id='word_1_33' title='bbox 632 945 841 1034; x_wconf 88' lang='lat' dir='ltr'>inquirendum</span> <span class='ocrx_word' id='word_1_34' title='bbox 858 958 912 1012; x_wconf 77' lang='lat' dir='ltr'>est</span> <span class='ocrx_word' id='word_1_35' title='bbox 952 945 1011 1030; x_wconf 83' lang='lat' dir='ltr'>Qui</span> <span class='ocrx_word' id='word_1_36' title='bbox 1026 960 1132 1014; x_wconf 85' lang='lat' dir='ltr'>auctor</span> <span class='ocrx_word' id='word_1_37' title='bbox 1145 947 1238 1015; x_wconf 86' lang='lat' dir='ltr'>verbo</span> 
     </span>
     <span class='ocr_line' id='line_1_7' title="bbox 226 1058 1240 1151; baseline 0.004 -25"><span class='ocrx_word' id='word_1_38' title='bbox 226 1071 364 1148; x_wconf 70' lang='grc' dir='ltr'><strong><em>»χωρεῖν</em></strong></span> <span class='ocrx_word' id='word_1_39' title='bbox 385 1058 469 1144; x_wconf 63' lang='lat' dir='ltr'>(dtis</span> <span class='ocrx_word' id='word_1_40' title='bbox 493 1060 531 1128; x_wconf 90' lang='lat' dir='ltr'>ad</span> <span class='ocrx_word' id='word_1_41' title='bbox 553 1065 698 1128; x_wconf 86' lang='lat' dir='ltr'>notionem</span> <span class='ocrx_word' id='word_1_42' title='bbox 717 1062 844 1150; x_wconf 83' lang='lat' dir='ltr'>judicati</span> <span class='ocrx_word' id='word_1_43' title='bbox 865 1062 958 1128; x_wconf 89' lang='lat' dir='ltr'>relato</span> <span class='ocrx_word' id='word_1_44' title='bbox 975 1063 1141 1151; x_wconf 81' lang='lat' dir='ltr'>neglexisse</span> <span class='ocrx_word' id='word_1_45' title='bbox 1156 1064 1240 1130; x_wconf 82' lang='lat' dir='ltr'>vide·</span> 
     </span>
     <span class='ocr_line' id='line_1_8' title="bbox 226 1177 1240 1265; baseline 0.001 -20"><span class='ocrx_word' id='word_1_46' title='bbox 226 1192 286 1256; x_wconf 88' lang='lat' dir='ltr'>tur,</span> <span class='ocrx_word' id='word_1_47' title='bbox 308 1178 509 1245; x_wconf 82' lang='lat' dir='ltr'>Justinianum</span> <span class='ocrx_word' id='word_1_48' title='bbox 531 1177 570 1243; x_wconf 78' lang='lat' dir='ltr'>ab</span> <span class='ocrx_word' id='word_1_49' title='bbox 591 1180 660 1265; x_wconf 82' lang='lat' dir='ltr'>ipso</span> <span class='ocrx_word' id='word_1_50' title='bbox 683 1189 841 1245; x_wconf 64' lang='lat' dir='ltr'>monneto</span> <span class='ocrx_word' id='word_1_51' title='bbox 864 1201 1008 1244; x_wconf 73' lang='lat' dir='ltr'>seorsum</span> <span class='ocrx_word' id='word_1_52' title='bbox 1028 1181 1172 1246; x_wconf 81' lang='lat' dir='ltr'>actionem</span> <span class='ocrx_word' id='word_1_53' title='bbox 1188 1179 1240 1247; x_wconf 87' lang='lat' dir='ltr'>de-</span> 
     </span>
     <span class='ocr_line' id='line_1_9' title="bbox 226 1292 1238 1383; baseline 0.001 -22"><span class='ocrx_word' id='word_1_54' title='bbox 226 1294 320 1372; x_wconf 86' lang='lat' dir='ltr'>disse,</span> <span class='ocrx_word' id='word_1_55' title='bbox 357 1316 433 1383; x_wconf 86' lang='lat' dir='ltr'>qnae</span> <span class='ocrx_word' id='word_1_56' title='bbox 459 1292 638 1382; x_wconf 76' lang='lat' dir='ltr'>probatione</span> <span class='ocrx_word' id='word_1_57' title='bbox 672 1295 790 1360; x_wconf 90' lang='lat' dir='ltr'>demum</span> <span class='ocrx_word' id='word_1_58' title='bbox 817 1293 894 1361; x_wconf 80' lang='lat' dir='ltr'>saeta</span> <span class='ocrx_word' id='word_1_59' title='bbox 921 1297 999 1360; x_wconf 84' lang='lat' dir='ltr'>aetio</span> <span class='ocrx_word' id='word_1_60' title='bbox 1022 1294 1149 1381; x_wconf 82' lang='lat' dir='ltr'>judicati</span> <span class='ocrx_word' id='word_1_61' title='bbox 1175 1296 1238 1362; x_wconf 86' lang='lat' dir='ltr'>fieri</span> 
     </span>
     <span class='ocr_line' id='line_1_10' title="bbox 226 1405 1238 1500; baseline 0.002 -24"><span class='ocrx_word' id='word_1_62' title='bbox 226 1414 332 1500; x_wconf 86' lang='lat' dir='ltr'>possit.</span> <span class='ocrx_word' id='word_1_63' title='bbox 378 1410 479 1499; x_wconf 83' lang='lat' dir='ltr'>Atque</span> <span class='ocrx_word' id='word_1_64' title='bbox 506 1433 573 1476; x_wconf 86' lang='lat' dir='ltr'>eum</span> <span class='ocrx_word' id='word_1_65' title='bbox 603 1409 643 1476; x_wconf 90' lang='lat' dir='ltr'>ob</span> <span class='ocrx_word' id='word_1_66' title='bbox 666 1409 757 1476; x_wconf 87' lang='lat' dir='ltr'>verba</span> <span class='ocrx_word' id='word_1_67' title='bbox 785 1405 900 1492; x_wconf 74' lang='grc' dir='ltr'>»ἄγειν</span> <span class='ocrx_word' id='word_1_68' title='bbox 921 1405 1087 1492; x_wconf 75' lang='grc' dir='ltr'>κᾷκείνους</span> <span class='ocrx_word' id='word_1_69' title='bbox 1115 1407 1238 1489; x_wconf 57' lang='lat' dir='ltr'>rosto</span> 
     </span>
     <span class='ocr_line' id='line_1_11' title="bbox 227 1521 1238 1614; baseline 0.002 -22"><span class='ocrx_word' id='word_1_70' title='bbox 227 1523 271 1608; x_wconf 85' lang='lat' dir='ltr'>(et</span> <span class='ocrx_word' id='word_1_71' title='bbox 290 1526 357 1591; x_wconf 87' lang='lat' dir='ltr'>ilios</span> <span class='ocrx_word' id='word_1_72' title='bbox 379 1547 420 1592; x_wconf 88' lang='lat' dir='ltr'>se.</span> <span class='ocrx_word' id='word_1_73' title='bbox 437 1521 581 1614; x_wconf 85' lang='lat' dir='ltr'>reliquos)</span> <span class='ocrx_word' id='word_1_74' title='bbox 605 1527 767 1605; x_wconf 82' lang='lat' dir='ltr'>contendit,</span> <span class='ocrx_word' id='word_1_75' title='bbox 793 1526 995 1592; x_wconf 67' lang='lat' dir='ltr'>«lastinianum</span> <span class='ocrx_word' id='word_1_76' title='bbox 1017 1525 1067 1593; x_wconf 87' lang='lat' dir='ltr'>iilo</span> <span class='ocrx_word' id='word_1_77' title='bbox 1091 1526 1238 1594; x_wconf 77' lang='lat' dir='ltr'>vocabulo</span> 
     </span>
     <span class='ocr_line' id='line_1_12' title="bbox 226 1641 1237 1730; baseline 0.003 -24"><span class='ocrx_word' id='word_1_78' title='bbox 226 1645 319 1706; x_wconf 72' lang='lat' dir='ltr'>»eat«</span> <span class='ocrx_word' id='word_1_79' title='bbox 342 1663 412 1720; x_wconf 91' lang='lat' dir='ltr'>eos,</span> <span class='ocrx_word' id='word_1_80' title='bbox 436 1664 514 1730; x_wconf 88' lang='lat' dir='ltr'>quos</span> <span class='ocrx_word' id='word_1_81' title='bbox 536 1645 636 1708; x_wconf 86' lang='lat' dir='ltr'>statim</span> <span class='ocrx_word' id='word_1_82' title='bbox 660 1644 788 1710; x_wconf 84' lang='lat' dir='ltr'>voluerit</span> <span class='ocrx_word' id='word_1_83' title='bbox 814 1646 846 1708; x_wconf 91' lang='lat' dir='ltr'>in</span> <span class='ocrx_word' id='word_1_84' title='bbox 864 1641 1011 1730; x_wconf 84' lang='lat' dir='ltr'>judicium</span> <span class='ocrx_word' id='word_1_85' title='bbox 1038 1646 1154 1721; x_wconf 75' lang='lat' dir='ltr'>vocari,</span> <span class='ocrx_word' id='word_1_86' title='bbox 1178 1643 1237 1722; x_wconf 89' lang='lat' dir='ltr'>alii,</span> 
     </span>
     <span class='ocr_line' id='line_1_13' title="bbox 226 1757 1238 1847; baseline 0.002 -25"><span class='ocrx_word' id='word_1_87' title='bbox 226 1761 278 1847; x_wconf 90' lang='lat' dir='ltr'>qni</span> <span class='ocrx_word' id='word_1_88' title='bbox 301 1757 449 1846; x_wconf 80' lang='lat' dir='ltr'>judicium</span> <span class='ocrx_word' id='word_1_89' title='bbox 472 1759 534 1846; x_wconf 87' lang='lat' dir='ltr'>jam</span> <span class='ocrx_word' id='word_1_90' title='bbox 564 1762 722 1847; x_wconf 75' lang='lat' dir='ltr'>acceperit,</span> <span class='ocrx_word' id='word_1_91' title='bbox 755 1761 949 1846; x_wconf 89' lang='lat' dir='ltr'>opposuisse,</span> <span class='ocrx_word' id='word_1_92' title='bbox 980 1771 1118 1847; x_wconf 86' lang='lat' dir='ltr'>apparet,</span> <span class='ocrx_word' id='word_1_93' title='bbox 1147 1758 1238 1826; x_wconf 85' lang='lat' dir='ltr'>verba</span> 
     </span>
     <span class='ocr_line' id='line_1_14' title="bbox 227 1872 1234 1963; baseline 0 -23"><span class='ocrx_word' id='word_1_94' title='bbox 227 1877 381 1963; x_wconf 88' lang='lat' dir='ltr'>sequentia</span> <span class='ocrx_word' id='word_1_95' title='bbox 400 1878 477 1940; x_wconf 70' lang='grc' dir='ltr'>»καὶ</span> <span class='ocrx_word' id='word_1_96' title='bbox 491 1874 583 1961; x_wconf 74' lang='grc' dir='ltr'>κοινῆ</span> <span class='ocrx_word' id='word_1_97' title='bbox 596 1873 677 1940; x_wconf 72' lang='lat' dir='ltr'>snt.-</span> <span class='ocrx_word' id='word_1_98' title='bbox 693 1896 760 1941; x_wconf 90' lang='lat' dir='ltr'>eum</span> <span class='ocrx_word' id='word_1_99' title='bbox 777 1872 898 1962; x_wconf 76' lang='lat' dir='ltr'>fugisse,</span> <span class='ocrx_word' id='word_1_100' title='bbox 922 1874 1115 1963; x_wconf 85' lang='lat' dir='ltr'>quamobrem</span> <span class='ocrx_word' id='word_1_101' title='bbox 1129 1879 1185 1940; x_wconf 70' lang='grc' dir='ltr'>καὶ</span> <span class='ocrx_word' id='word_1_102' title='bbox 1198 1913 1234 1926; x_wconf 89' lang='grc'><strong>-</strong></span> 
     </span>
     <span class='ocr_line' id='line_1_15' title="bbox 226 1987 1239 2080; baseline 0 -24"><span class='ocrx_word' id='word_1_103' title='bbox 226 1994 281 2056; x_wconf 79' lang='lat' dir='ltr'>rent</span> <span class='ocrx_word' id='word_1_104' title='bbox 303 1987 346 2072; x_wconf 89' lang='lat' dir='ltr'>(et</span> <span class='ocrx_word' id='word_1_105' title='bbox 360 2028 396 2040; x_wconf 98' lang='lat'>-</span> <span class='ocrx_word' id='word_1_106' title='bbox 412 1988 471 2073; x_wconf 80' lang='lat' dir='ltr'>et),</span> <span class='ocrx_word' id='word_1_107' title='bbox 497 2013 560 2056; x_wconf 88' lang='lat' dir='ltr'>uon</span> <span class='ocrx_word' id='word_1_108' title='bbox 581 2013 653 2057; x_wconf 83' lang='lat' dir='ltr'>vero</span> <span class='ocrx_word' id='word_1_109' title='bbox 676 1993 744 2057; x_wconf 87' lang='lat' dir='ltr'>istie</span> <span class='ocrx_word' id='word_1_110' title='bbox 767 1993 904 2068; x_wconf 63' lang='lat' dir='ltr'>retiam«</span> <span class='ocrx_word' id='word_1_111' title='bbox 927 1989 976 2056; x_wconf 85' lang='lat' dir='ltr'>hie</span> <span class='ocrx_word' id='word_1_112' title='bbox 999 2003 1128 2080; x_wconf 71' lang='lat' dir='ltr'>satque«</span> <span class='ocrx_word' id='word_1_113' title='bbox 1150 1991 1239 2080; x_wconf 88' lang='lat' dir='ltr'>legis·</span> 
     </span>
     <span class='ocr_line' id='line_1_16' title="bbox 225 2105 1239 2195; baseline 0 -23"><span class='ocrx_word' id='word_1_114' title='bbox 225 2107 305 2172; x_wconf 89' lang='lat' dir='ltr'>lator</span> <span class='ocrx_word' id='word_1_115' title='bbox 332 2110 460 2195; x_wconf 73' lang='lat' dir='ltr'>scripsit.</span> <span class='ocrx_word' id='word_1_116' title='bbox 498 2105 552 2174; x_wconf 91' lang='lat' dir='ltr'>Sin</span> <span class='ocrx_word' id='word_1_117' title='bbox 575 2129 647 2173; x_wconf 82' lang='lat' dir='ltr'>vero</span> <span class='ocrx_word' id='word_1_118' title='bbox 677 2105 751 2173; x_wconf 84' lang='lat' dir='ltr'>iliud</span> <span class='ocrx_word' id='word_1_119' title='bbox 781 2109 908 2172; x_wconf 77' lang='lat' dir='ltr'>»etiam«</span> <span class='ocrx_word' id='word_1_120' title='bbox 937 2109 1005 2193; x_wconf 78' lang='lat' dir='ltr'>quis</span> <span class='ocrx_word' id='word_1_121' title='bbox 1033 2109 1075 2173; x_wconf 91' lang='lat' dir='ltr'>ita</span> <span class='ocrx_word' id='word_1_122' title='bbox 1097 2107 1169 2172; x_wconf 88' lang='lat' dir='ltr'>satis</span> <span class='ocrx_word' id='word_1_123' title='bbox 1191 2129 1239 2172; x_wconf 89' lang='lat' dir='ltr'>re·</span> 
     </span>
     <span class='ocr_line' id='line_1_17' title="bbox 225 2220 1239 2311; baseline 0.001 -23"><span class='ocrx_word' id='word_1_124' title='bbox 225 2221 354 2290; x_wconf 77' lang='lat' dir='ltr'>fututum</span> <span class='ocrx_word' id='word_1_125' title='bbox 383 2245 447 2290; x_wconf 89' lang='lat' dir='ltr'>esse</span> <span class='ocrx_word' id='word_1_126' title='bbox 475 2223 665 2302; x_wconf 83' lang='lat' dir='ltr'>infitiaretur,</span> <span class='ocrx_word' id='word_1_127' title='bbox 693 2236 792 2290; x_wconf 69' lang='lat' dir='ltr'>nmen</span> <span class='ocrx_word' id='word_1_128' title='bbox 821 2220 975 2288; x_wconf 64' lang='lat' dir='ltr'>nostros«</span> <span class='ocrx_word' id='word_1_129' title='bbox 1005 2221 1148 2311; x_wconf 77' lang='lat' dir='ltr'>»reliqui«</span> <span class='ocrx_word' id='word_1_130' title='bbox 1176 2245 1239 2289; x_wconf 88' lang='lat' dir='ltr'>non</span> 
     </span>
     <span class='ocr_line' id='line_1_18' title="bbox 227 2333 1238 2428; baseline 0 -24"><span class='ocrx_word' id='word_1_131' title='bbox 227 2353 311 2417; x_wconf 90' lang='lat' dir='ltr'>sunt,</span> <span class='ocrx_word' id='word_1_132' title='bbox 340 2360 437 2427; x_wconf 89' lang='lat' dir='ltr'>neque</span> <span class='ocrx_word' id='word_1_133' title='bbox 465 2338 596 2419; x_wconf 74' lang='grc' dir='ltr'>»ἄγεινι</span> <span class='ocrx_word' id='word_1_134' title='bbox 626 2337 730 2405; x_wconf 87' lang='lat' dir='ltr'>eodem</span> <span class='ocrx_word' id='word_1_135' title='bbox 759 2337 865 2417; x_wconf 90' lang='lat' dir='ltr'>modo,</span> <span class='ocrx_word' id='word_1_136' title='bbox 898 2357 959 2428; x_wconf 90' lang='lat' dir='ltr'>qno</span> <span class='ocrx_word' id='word_1_137' title='bbox 988 2333 1162 2420; x_wconf 62' lang='lat' dir='ltr'>»dandene«</span> <span class='ocrx_word' id='word_1_138' title='bbox 1192 2339 1238 2405; x_wconf 87' lang='lat' dir='ltr'>vel</span> 
     </span>
     <span class='ocr_line' id='line_1_19' title="bbox 227 2450 1238 2541; baseline 0.001 -22"><span class='ocrx_word' id='word_1_139' title='bbox 227 2450 440 2538; x_wconf 73' lang='lat' dir='ltr'>»nporcirsw«</span> <span class='ocrx_word' id='word_1_140' title='bbox 475 2453 682 2520; x_wconf 82' lang='lat' dir='ltr'>aduitetionem</span> <span class='ocrx_word' id='word_1_141' title='bbox 711 2467 834 2541; x_wconf 87' lang='lat' dir='ltr'>spectat.</span> <span class='ocrx_word' id='word_1_142' title='bbox 865 2492 901 2504; x_wconf 99' lang='lat'>-</span> <span class='ocrx_word' id='word_1_143' title='bbox 939 2453 994 2520; x_wconf 92' lang='lat' dir='ltr'>Sin</span> <span class='ocrx_word' id='word_1_144' title='bbox 1023 2468 1122 2521; x_wconf 89' lang='lat' dir='ltr'>antem</span> <span class='ocrx_word' id='word_1_145' title='bbox 1149 2454 1238 2520; x_wconf 90' lang='lat' dir='ltr'>uobis</span> 
     </span>
     <span class='ocr_line' id='line_1_20' title="bbox 227 2563 1238 2659; baseline -0.002 -22"><span class='ocrx_word' id='word_1_146' title='bbox 227 2568 464 2637; x_wconf 79' lang='lat' dir='ltr'>contradicturus</span> <span class='ocrx_word' id='word_1_147' title='bbox 486 2573 518 2635; x_wconf 92' lang='lat' dir='ltr'>in</span> <span class='ocrx_word' id='word_1_148' title='bbox 540 2591 613 2636; x_wconf 84' lang='lat' dir='ltr'>voce</span> <span class='ocrx_word' id='word_1_149' title='bbox 636 2563 777 2646; x_wconf 66' lang='lat' dir='ltr'>»stote«</span> <span class='ocrx_word' id='word_1_150' title='bbox 800 2573 868 2659; x_wconf 80' lang='lat' dir='ltr'>quis</span> <span class='ocrx_word' id='word_1_151' title='bbox 891 2572 1033 2650; x_wconf 85' lang='lat' dir='ltr'>haereret,</span> <span class='ocrx_word' id='word_1_152' title='bbox 1056 2569 1238 2658; x_wconf 89' lang='lat' dir='ltr'>responden·</span> 
     </span>
     <span class='ocr_line' id='line_1_21' title="bbox 227 2684 1238 2776; baseline 0 -24"><span class='ocrx_word' id='word_1_153' title='bbox 227 2687 297 2754; x_wconf 87' lang='lat' dir='ltr'>dum</span> <span class='ocrx_word' id='word_1_154' title='bbox 320 2689 347 2751; x_wconf 92' lang='lat' dir='ltr'>ei</span> <span class='ocrx_word' id='word_1_155' title='bbox 370 2699 423 2765; x_wconf 90' lang='lat' dir='ltr'>est,</span> <span class='ocrx_word' id='word_1_156' title='bbox 448 2686 632 2753; x_wconf 82' lang='lat' dir='ltr'>conditiones</span> <span class='ocrx_word' id='word_1_157' title='bbox 655 2684 788 2752; x_wconf 78' lang='lat' dir='ltr'>benefitii</span> <span class='ocrx_word' id='word_1_158' title='bbox 811 2698 841 2753; x_wconf 89' lang='lat' dir='ltr'>et</span> <span class='ocrx_word' id='word_1_159' title='bbox 862 2690 1020 2776; x_wconf 88' lang='lat' dir='ltr'>praecipue</span> <span class='ocrx_word' id='word_1_160' title='bbox 1042 2690 1238 2775; x_wconf 86' lang='lat' dir='ltr'>praesentiam</span> 
     </span>
     <span class='ocr_line' id='line_1_22' title="bbox 225 2801 1237 2893; baseline 0 -23"><span class='ocrx_word' id='word_1_161' title='bbox 225 2805 384 2893; x_wconf 84' lang='lat' dir='ltr'>requirere,</span> <span class='ocrx_word' id='word_1_162' title='bbox 406 2817 441 2870; x_wconf 92' lang='lat' dir='ltr'>ut</span> <span class='ocrx_word' id='word_1_163' title='bbox 456 2825 545 2891; x_wconf 86' lang='lat' dir='ltr'>quam</span> <span class='ocrx_word' id='word_1_164' title='bbox 560 2803 707 2871; x_wconf 78' lang='lat' dir='ltr'>celerrime</span> <span class='ocrx_word' id='word_1_165' title='bbox 722 2825 824 2870; x_wconf 88' lang='lat' dir='ltr'>omnes</span> <span class='ocrx_word' id='word_1_166' title='bbox 840 2805 871 2867; x_wconf 89' lang='lat' dir='ltr'>in</span> <span class='ocrx_word' id='word_1_167' title='bbox 881 2803 1028 2889; x_wconf 78' lang='lat' dir='ltr'>judicium</span> <span class='ocrx_word' id='word_1_168' title='bbox 1044 2801 1237 2880; x_wconf 80' lang='lat' dir='ltr'>deducentur,</span> 
     </span>
     <span class='ocr_line' id='line_1_23' title="bbox 225 2919 1238 3009; baseline -0.002 -23"><span class='ocrx_word' id='word_1_169' title='bbox 225 2943 262 2987; x_wconf 91' lang='lat' dir='ltr'>ne</span> <span class='ocrx_word' id='word_1_170' title='bbox 285 2933 384 3009; x_wconf 87' lang='lat' dir='ltr'>partes</span> <span class='ocrx_word' id='word_1_171' title='bbox 407 2919 584 3009; x_wconf 80' lang='lat' dir='ltr'>fugientium</span> <span class='ocrx_word' id='word_1_172' title='bbox 605 2935 658 2987; x_wconf 90' lang='lat' dir='ltr'>aut</span> <span class='ocrx_word' id='word_1_173' title='bbox 677 2919 715 2986; x_wconf 86' lang='lat' dir='ltr'>ad</span> <span class='ocrx_word' id='word_1_174' title='bbox 728 2931 933 3009; x_wconf 87' lang='lat' dir='ltr'>paupertatem</span> <span class='ocrx_word' id='word_1_175' title='bbox 953 2921 1139 3008; x_wconf 84' lang='lat' dir='ltr'>vergentium</span> <span class='ocrx_word' id='word_1_176' title='bbox 1161 2941 1238 2986; x_wconf 89' lang='lat' dir='ltr'>onus</span> 
     </span>
     <span class='ocr_line' id='line_1_24' title="bbox 226 3027 1239 3127; baseline -0.003 -24"><span class='ocrx_word' id='word_1_177' title='bbox 226 3059 330 3104; x_wconf 87' lang='lat' dir='ltr'>eorum</span> <span class='ocrx_word' id='word_1_178' title='bbox 352 3051 489 3127; x_wconf 88' lang='lat' dir='ltr'>augeant,</span> <span class='ocrx_word' id='word_1_179' title='bbox 513 3039 566 3126; x_wconf 85' lang='lat' dir='ltr'>qui</span> <span class='ocrx_word' id='word_1_180' title='bbox 580 3049 701 3124; x_wconf 86' lang='lat' dir='ltr'>praesto</span> <span class='ocrx_word' id='word_1_181' title='bbox 718 3057 751 3102; x_wconf 88' lang='lat' dir='ltr'>ae</span> <span class='ocrx_word' id='word_1_182' title='bbox 766 3034 910 3101; x_wconf 88' lang='lat' dir='ltr'>solvendo</span> <span class='ocrx_word' id='word_1_183' title='bbox 929 3027 1044 3116; x_wconf 80' lang='lat' dir='ltr'>sinr⁸·).</span> <span class='ocrx_word' id='word_1_184' title='bbox 1064 3035 1144 3100; x_wconf 47' lang='lat' dir='ltr'>au</span> <span class='ocrx_word' id='word_1_185' title='bbox 1168 3057 1239 3101; x_wconf 86' lang='lat' dir='ltr'>oon-</span> 
     </span>
     <span class='ocr_line' id='line_1_25' title="bbox 225 3149 1237 3240; baseline -0.005 -21"><span class='ocrx_word' id='word_1_186' title='bbox 225 3157 317 3220; x_wconf 83' lang='lat' dir='ltr'>trerio</span> <span class='ocrx_word' id='word_1_187' title='bbox 341 3176 396 3240; x_wconf 90' lang='lat' dir='ltr'>pro</span> <span class='ocrx_word' id='word_1_188' title='bbox 419 3166 523 3219; x_wconf 86' lang='lat' dir='ltr'>nostra</span> <span class='ocrx_word' id='word_1_189' title='bbox 544 3151 684 3220; x_wconf 84' lang='lat' dir='ltr'>afferatur</span> <span class='ocrx_word' id='word_1_190' title='bbox 701 3155 846 3218; x_wconf 81' lang='lat' dir='ltr'>sententie</span> <span class='ocrx_word' id='word_1_191' title='bbox 860 3163 1066 3239; x_wconf 86' lang='lat' dir='ltr'>argumentum</span> <span class='ocrx_word' id='word_1_192' title='bbox 1081 3150 1142 3217; x_wconf 82' lang='lat' dir='ltr'>tut.</span> <span class='ocrx_word' id='word_1_193' title='bbox 1159 3149 1237 3217; x_wconf 85' lang='lat' dir='ltr'>Guil.</span> 
     </span>
     <span class='ocr_line' id='line_1_26' title="bbox 224 3262 1237 3357; baseline -0.005 -20"><span class='ocrx_word' id='word_1_194' title='bbox 224 3263 400 3351; x_wconf 78' lang='lat' dir='ltr'>Pienclrii⁹)‚</span> <span class='ocrx_word' id='word_1_195' title='bbox 425 3267 483 3334; x_wconf 69' lang='lat' dir='ltr'>eda</span> <span class='ocrx_word' id='word_1_196' title='bbox 505 3281 591 3335; x_wconf 84' lang='lat' dir='ltr'>sonet</span> <span class='ocrx_word' id='word_1_197' title='bbox 614 3264 706 3350; x_wconf 89' lang='lat' dir='ltr'>(ohne</span> <span class='ocrx_word' id='word_1_198' title='bbox 728 3267 931 3357; x_wconf 77' lang='lat' dir='ltr'>kligerisohen</span> <span class='ocrx_word' id='word_1_199' title='bbox 946 3262 1076 3355; x_wconf 85' lang='lat' dir='ltr'>Autrag)</span> <span class='ocrx_word' id='word_1_200' title='bbox 1099 3269 1164 3332; x_wconf 90' lang='lat' dir='ltr'>eine</span> <span class='ocrx_word' id='word_1_201' title='bbox 1183 3289 1237 3354; x_wconf 73' lang='lat' dir='ltr'>pe·</span> 
     </span>
    </p>
   </div>
   <div class='ocr_carea' id='block_1_3' title="bbox 224 3485 1239 4052">
    <p class='ocr_par' dir='ltr' id='par_1_3' title="bbox 224 3485 1239 3854">
     <span class='ocr_line' id='line_1_27' title="bbox 278 3485 1238 3559; baseline 0 -19"><span class='ocrx_word' id='word_1_202' title='bbox 278 3487 300 3556; x_wconf 80' lang='lat'>⁸)</span> <span class='ocrx_word' id='word_1_203' title='bbox 323 3487 345 3541; x_wconf 84' lang='lat' dir='ltr'><strong>E</strong></span> <span class='ocrx_word' id='word_1_204' title='bbox 365 3486 464 3557; x_wconf 87' lang='lat' dir='ltr'>quibus,</span> <span class='ocrx_word' id='word_1_205' title='bbox 481 3504 538 3542; x_wconf 88' lang='lat' dir='ltr'>eum</span> <span class='ocrx_word' id='word_1_206' title='bbox 555 3488 609 3559; x_wconf 85' lang='lat' dir='ltr'>ipsa</span> <span class='ocrx_word' id='word_1_207' title='bbox 626 3486 656 3542; x_wconf 87' lang='lat' dir='ltr'>de</span> <span class='ocrx_word' id='word_1_208' title='bbox 674 3485 815 3542; x_wconf 75' lang='lat' dir='ltr'>adutatione</span> <span class='ocrx_word' id='word_1_209' title='bbox 834 3485 997 3541; x_wconf 71' lang='lat' dir='ltr'>connoversia</span> <span class='ocrx_word' id='word_1_210' title='bbox 1014 3485 1045 3540; x_wconf 90' lang='lat' dir='ltr'>ad</span> <span class='ocrx_word' id='word_1_211' title='bbox 1058 3503 1104 3540; x_wconf 83' lang='lat' dir='ltr'>nos</span> <span class='ocrx_word' id='word_1_212' title='bbox 1115 3502 1165 3539; x_wconf 90' lang='lat' dir='ltr'>nou</span> <span class='ocrx_word' id='word_1_213' title='bbox 1181 3501 1238 3557; x_wconf 89' lang='lat' dir='ltr'>per-</span> 
     </span>
     <span class='ocr_line' id='line_1_28' title="bbox 225 3581 1238 3656; baseline -0.007 -14"><span class='ocrx_word' id='word_1_214' title='bbox 225 3587 312 3651; x_wconf 85' lang='lat' dir='ltr'>tineat,</span> <span class='ocrx_word' id='word_1_215' title='bbox 330 3600 395 3638; x_wconf 86' lang='lat' dir='ltr'>unus</span> <span class='ocrx_word' id='word_1_216' title='bbox 414 3581 531 3639; x_wconf 82' lang='lat' dir='ltr'>Dabelow</span> <span class='ocrx_word' id='word_1_217' title='bbox 547 3582 563 3638; x_wconf 88' lang='lat'>1.</span> <span class='ocrx_word' id='word_1_218' title='bbox 576 3583 593 3638; x_wconf 93' lang='lat' dir='ltr'>l.</span> <span class='ocrx_word' id='word_1_219' title='bbox 612 3584 739 3651; x_wconf 81' lang='lat' dir='ltr'>afferatur,</span> <span class='ocrx_word' id='word_1_220' title='bbox 758 3585 814 3656; x_wconf 85' lang='lat' dir='ltr'>qui,</span> <span class='ocrx_word' id='word_1_221' title='bbox 832 3584 883 3638; x_wconf 86' lang='lat' dir='ltr'>sive</span> <span class='ocrx_word' id='word_1_222' title='bbox 902 3581 1003 3653; x_wconf 78' lang='lat' dir='ltr'>objectio</span> <span class='ocrx_word' id='word_1_223' title='bbox 1021 3581 1102 3654; x_wconf 84' lang='lat' dir='ltr'>aliqua</span> <span class='ocrx_word' id='word_1_224' title='bbox 1119 3582 1182 3638; x_wconf 69' lang='lat' dir='ltr'>ineu</span> <span class='ocrx_word' id='word_1_225' title='bbox 1199 3583 1238 3648; x_wconf 86' lang='lat' dir='ltr'>sit,</span> 
     </span>
     <span class='ocr_line' id='line_1_29' title="bbox 225 3679 1239 3748; baseline -0.003 -10"><span class='ocrx_word' id='word_1_226' title='bbox 225 3685 276 3738; x_wconf 87' lang='lat' dir='ltr'>sive</span> <span class='ocrx_word' id='word_1_227' title='bbox 293 3701 343 3738; x_wconf 89' lang='lat' dir='ltr'>non</span> <span class='ocrx_word' id='word_1_228' title='bbox 360 3681 430 3748; x_wconf 65' lang='lat' dir='ltr'>fieta,</span> <span class='ocrx_word' id='word_1_229' title='bbox 449 3681 501 3736; x_wconf 83' lang='lat' dir='ltr'>rive</span> <span class='ocrx_word' id='word_1_230' title='bbox 519 3699 532 3736; x_wconf 91' lang='lat' dir='ltr'>e</span> <span class='ocrx_word' id='word_1_231' title='bbox 550 3683 592 3747; x_wconf 89' lang='lat' dir='ltr'>rei,</span> <span class='ocrx_word' id='word_1_232' title='bbox 610 3683 661 3737; x_wconf 85' lang='lat' dir='ltr'>sive</span> <span class='ocrx_word' id='word_1_233' title='bbox 679 3699 712 3737; x_wconf 84' lang='lat' dir='ltr'>ex</span> <span class='ocrx_word' id='word_1_234' title='bbox 728 3683 815 3737; x_wconf 79' lang='lat' dir='ltr'>actoris</span> <span class='ocrx_word' id='word_1_235' title='bbox 832 3679 911 3736; x_wconf 84' lang='lat' dir='ltr'>libello</span> <span class='ocrx_word' id='word_1_236' title='bbox 929 3697 972 3735; x_wconf 88' lang='lat' dir='ltr'>reo</span> <span class='ocrx_word' id='word_1_237' title='bbox 984 3679 1058 3737; x_wconf 83' lang='lat' dir='ltr'>eleeto</span> <span class='ocrx_word' id='word_1_238' title='bbox 1071 3697 1168 3736; x_wconf 88' lang='lat' dir='ltr'>eorreos</span> <span class='ocrx_word' id='word_1_239' title='bbox 1185 3695 1239 3736; x_wconf 88' lang='lat' dir='ltr'>esse</span> 
     </span>
     <span class='ocr_line' id='line_1_30' title="bbox 224 3778 1051 3854; baseline -0.005 -18"><span class='ocrx_word' id='word_1_240' title='bbox 224 3782 382 3854; x_wconf 77' lang='lat' dir='ltr'>competierit,</span> <span class='ocrx_word' id='word_1_241' title='bbox 396 3778 504 3852; x_wconf 82' lang='lat' dir='ltr'>judicem</span> <span class='ocrx_word' id='word_1_242' title='bbox 522 3795 554 3834; x_wconf 86' lang='lat' dir='ltr'>ex</span> <span class='ocrx_word' id='word_1_243' title='bbox 572 3778 651 3835; x_wconf 81' lang='lat' dir='ltr'>officio</span> <span class='ocrx_word' id='word_1_244' title='bbox 669 3780 798 3851; x_wconf 80' lang='lat' dir='ltr'>procedere</span> <span class='ocrx_word' id='word_1_245' title='bbox 816 3780 903 3836; x_wconf 87' lang='lat' dir='ltr'>debere</span> <span class='ocrx_word' id='word_1_246' title='bbox 921 3786 1051 3834; x_wconf 77' lang='lat' dir='ltr'>asseverat.</span> 
     </span>
    </p>

    <p class='ocr_par' dir='ltr' id='par_1_4' title="bbox 224 3871 1239 4052">
     <span class='ocr_line' id='line_1_31' title="bbox 278 3871 1239 3949; baseline -0.006 -15"><span class='ocrx_word' id='word_1_247' title='bbox 278 3880 300 3947; x_wconf 75' lang='grc'>7)</span> <span class='ocrx_word' id='word_1_248' title='bbox 322 3877 491 3934; x_wconf 73' lang='lat' dir='ltr'>necterent.</span> <span class='ocrx_word' id='word_1_249' title='bbox 510 3876 648 3948; x_wconf 86' lang='lat' dir='ltr'>p.57.58.</span> <span class='ocrx_word' id='word_1_250' title='bbox 668 3907 701 3918; x_wconf 92' lang='lat'>·-</span> <span class='ocrx_word' id='word_1_251' title='bbox 723 3877 745 3947; x_wconf 78' lang='grc'>8)</span> <span class='ocrx_word' id='word_1_252' title='bbox 763 3877 797 3933; x_wconf 88' lang='lat' dir='ltr'>V.</span> <span class='ocrx_word' id='word_1_253' title='bbox 816 3875 943 3949; x_wconf 73' lang='lat' dir='ltr'>§uultu</span> <span class='ocrx_word' id='word_1_254' title='bbox 962 3907 997 3918; x_wconf 96' lang='lat'><em>-</em></span> <span class='ocrx_word' id='word_1_255' title='bbox 1018 3875 1061 3946; x_wconf 80' lang='lat'>⁸⁸)</span> <span class='ocrx_word' id='word_1_256' title='bbox 1079 3875 1129 3934; x_wconf 80' lang='lat' dir='ltr'>cfr.</span> <span class='ocrx_word' id='word_1_257' title='bbox 1147 3871 1239 3932; x_wconf 80' lang='lat' dir='ltr'>Jutmi</span> 
     </span>
     <span class='ocr_line' id='line_1_32' title="bbox 224 3971 938 4052; baseline 0.003 -22"><span class='ocrx_word' id='word_1_258' title='bbox 224 3976 291 4052; x_wconf 76' lang='lat' dir='ltr'>Epit.</span> <span class='ocrx_word' id='word_1_259' title='bbox 310 3975 396 4048; x_wconf 90' lang='lat' dir='ltr'>(supra</span> <span class='ocrx_word' id='word_1_260' title='bbox 414 3973 495 4046; x_wconf 68' lang='lat'><strong>533).</strong></span> <span class='ocrx_word' id='word_1_261' title='bbox 524 4005 558 4016; x_wconf 92' lang='lat'><em>-</em></span> <span class='ocrx_word' id='word_1_262' title='bbox 584 3973 607 4044; x_wconf 65' lang='grc' dir='ltr'>ο)</span> <span class='ocrx_word' id='word_1_263' title='bbox 630 3972 721 4032; x_wconf 69' lang='lat' dir='ltr'>Planci</span> <span class='ocrx_word' id='word_1_264' title='bbox 737 3973 754 4027; x_wconf 94' lang='lat' dir='ltr'>l.</span> <span class='ocrx_word' id='word_1_265' title='bbox 766 3972 782 4028; x_wconf 92' lang='lat' dir='ltr'>l.</span> <span class='ocrx_word' id='word_1_266' title='bbox 801 3991 825 4050; x_wconf 92' lang='lat' dir='ltr'>p.</span> <span class='ocrx_word' id='word_1_267' title='bbox 841 3971 899 4042; x_wconf 82' lang='lat'>138,</span> <span class='ocrx_word' id='word_1_268' title='bbox 911 3973 938 4032; x_wconf 84' lang='lat'>4.</span> 
     </span>
    </p>
   </div>
   <div class='ocr_carea' id='block_1_4' title="bbox 0 0 1472 4554">
    <p class='ocr_par' dir='ltr' id='par_1_5' title="bbox 0 0 1472 4554">
     <span class='ocr_line' id='line_1_33' title="bbox 0 0 1472 4554; baseline 0 0"><span class='ocrx_word' id='word_1_269' title='bbox 0 0 1472 4554; x_wconf 95' lang='lat' dir='ltr'> </span> 
     </span>
    </p>
   </div>
  </div>
 </body>
</html>
