2952 4556
679 304 840 404 A

254 497 284 550 ct
298 505 437 574 expresse
452 497 640 564 contractam,
665 483 744 551 unde
760 483 869 552 isdum
892 498 946 564 est,
970 499 1005 553 ut
1018 484 1159 554 burtolus
1175 485 1266 554 benc·

252 601 351 668 licium
374 604 558 668 excussionis
581 623 690 691 purum
713 625 776 668 non
798 605 944 668 statuerit.

722 863 793 950 §il

533 999 740 1090 Gregorius
764 1001 984 1068 Haloander.

320 1178 490 1244 Translatio
505 1177 695 1245 Novellarum
710 1178 825 1256 Latina,
849 1201 925 1268 qnae
940 1178 1070 1269 Vulgata
1088 1181 1262 1270 appellatur,

251 1294 441 1362 Prooemium
463 1291 603 1359 Novellac
619 1293 662 1362 99
684 1298 726 1360 ita
747 1293 891 1372 reddidit,
919 1307 953 1360 ut
975 1293 1105 1362 dubitari
1127 1310 1263 1386 nequeat,

252 1415 326 1499 quin
348 1411 524 1477 constitutio
546 1422 650 1476 nostra
677 1433 739 1477 non
767 1433 851 1476 secus
875 1431 964 1499 quem
986 1410 1106 1478 Noui
1133 1413 1182 1478 lex
1209 1435 1264 1478 sua

253 1531 282 1591 vi
306 1549 340 1592 ac
361 1537 509 1614 potestate
531 1538 670 1592 constans
694 1520 769 1609 sit¹).
803 1525 873 1592 ldeo
888 1526 1086 1615 scriptoribus
1108 1529 1264 1616 hucusque

252 1641 372 1709 anobis
385 1641 514 1708 laudatis
529 1645 665 1730 quaestio
677 1640 767 1708 hodic
783 1641 820 1708 ab
833 1641 972 1708 omnibus
984 1641 1145 1731 disputata,
1162 1665 1264 1732 quem·

252 1757 412 1826 admodum
426 1755 504 1823 Nor.
518 1755 561 1824 99
584 1771 614 1824 ct
627 1757 742 1823 Nomi
762 1758 923 1824 secundum
940 1757 1131 1827 Prooemium
1153 1763 1263 1850 prioris

251 1875 324 1963 legis
347 1879 424 1939 inter
445 1895 477 1939 se
493 1873 716 1962 conjungendae
733 1877 802 1949 sint,
827 1895 915 1938 causa
931 1874 1124 1941 dissentiendi
1138 1879 1263 1945 existere

251 2012 313 2056 non
336 1991 445 2076 potuit.
474 1987 587 2052 Verum
609 1991 673 2074 ipsc
695 2001 796 2054 textus
812 1987 942 2056 Graecus
957 1990 1148 2058 Novellarum
1169 1995 1263 2058 cuivis

251 2105 431 2171 dubitationi
458 2123 560 2170 ansam
587 2102 723 2169 idoneam
751 2103 886 2192 praebet,
916 2109 968 2195 qui
995 2111 1094 2174 minus
1116 2107 1261 2186 distincte,

251 2241 340 2308 qnam
362 2219 492 2307 Vulgata
519 2218 640 2284 alteram
667 2223 908 2288 constitutionem
938 2223 975 2289 ab
999 2224 1090 2289 altera
1112 2236 1261 2312 segreget3

251 2349 281 2402 et
302 2339 343 2412 is,
373 2336 424 2423 qui
453 2333 550 2401 obiter
570 2346 685 2400 tantum
709 2335 799 2402 verba
822 2335 933 2404 Graeca
955 2337 1105 2406 Prooemii
1133 2342 1261 2428 inspicit,

250 2450 384 2516 facillime
406 2450 570 2528 inducitur,
602 2463 637 2516 ut
657 2449 810 2517 Nouellum
825 2450 849 2518 4
863 2465 967 2520 nostra
990 2458 1202 2522 constitutione
1224 2454 1262 2520 ad

250 2567 325 2632 alios
348 2563 497 2633 debitores
520 2579 671 2632 extensam
695 2587 758 2634 csse
782 2572 898 2648 sentiat,
923 2570 978 2648 rel,
1003 2583 1037 2636 nt
1053 2570 1145 2638 verbo
1168 2574 1262 2638 tritis·

250 2687 325 2748 simo
348 2694 482 2760 utamur,
506 2679 659 2748 Nouellum
675 2681 718 2750 99
742 2684 954 2773 expolitionem
978 2699 1009 2752 et
1030 2685 1261 2775 »appendicem«

248 2795 366 2863 Nor.4
388 2819 462 2864 esse.
495 2795 584 2882 Quod
607 2801 722 2888 siquis
745 2803 882 2888 accipiat,
911 2823 1018 2892 negare
1041 2823 1108 2868 eum
1131 2815 1259 2890 oportet,

248 2911 401 2980 Novellam
422 2911 464 2980 99
493 2935 531 2980 ex
554 2918 694 3004 opinione
723 2920 870 2984 communi
898 2931 976 2984 recto
1005 2918 1160 3006 explicari,
1191 2921 1261 3006 quia

249 3034 385 3096 excussio
408 3033 528 3096 nonnisi
550 3034 626 3098 inter
641 3055 723 3100 reum
746 3034 937 3122 principalem
956 3035 1079 3123 ejusque
1095 3032 1261 3123 adpromis·

248 3167 346 3224 sores,
378 3158 408 3211 et
429 3147 512 3214 nullo
535 3147 625 3214 modo
649 3153 727 3216 inter
749 3149 827 3217 duos
848 3172 917 3216 reos
942 3149 1135 3240 promittendi
1162 3151 1260 3216 locum

247 3259 357 3328 habere
378 3263 483 3349 possit

316 3375 396 3459 Quid
418 3379 540 3455 mirum,
571 3378 653 3466 quod
677 3378 840 3468 Gregorius
863 3380 1045 3460 Haloander,
1070 3385 1122 3471 qui
1144 3395 1259 3448 textum

246 3493 329 3559 illum
350 3490 541 3558 Novellarum
564 3497 725 3574 invenerit,
755 3517 848 3584 quum
878 3500 1047 3586 opinionem
1076 3520 1259 3565 communem

247 3607 419 3674 omnimodo
443 3613 596 3696 spreverit,
619 3623 683 3677 tum
707 3606 846 3698 novam²l
869 3617 933 3702 ipsc
956 3612 992 3679 de
1015 3626 1118 3680 nostra
1134 3613 1260 3680 Novella

300 3774 310 3809 ²
345 3774 378 3829 V.
461 3813 467 3828 .

299 3772 322 3943 ll
345 3770 505 3944 Susplicdbrur
521 3871 689 3930 Haloandrum
711 3875 806 3932 Basilio.
824 3874 878 3932 libr.
889 3875 985 3932 xxvt.
1004 3878 1040 3932 tit
1052 3876 1082 3932 ll.
1104 3879 1259 3951 inscriptione

246 3986 346 4042 quoquc
367 3978 392 4026 et
415 3969 569 4028 collocatione
586 3972 701 4030 Novellae
719 3973 753 4031 99
775 3975 808 4030 ibi
831 3973 893 4030 iacta
916 3975 947 4030 ad
965 3977 1107 4032 senentiam
1126 3993 1196 4031 suam
1215 3975 1259 4030 ad·
