2936 4554
658 315 818 416 ἕξ-

229 497 396 560 meimmne
425 493 660 581 Vemmtieeiluup
683 495 739 558 der
762 494 934 581 Beielegteo
955 519 992 560 au
1015 496 1067 561 ihu
1090 497 1172 560 nieht
1194 517 1245 584 ge·

231 611 320 677 daeht
348 609 469 676 werden
502 610 639 675 litante«
686 608 819 696 Denique
847 603 1025 691 Julianus¹⁰)
1056 611 1246 697 Epitomator

230 731 314 792 testis
335 725 536 814 producatur,
565 729 617 813 qui
641 726 892 812 »stipulatorem«
923 728 1123 792 communiter
1153 749 1245 813 apere

231 842 317 908 dieat.
739 847 744 863 ¹

298 956 451 1037 Creditur,
476 961 528 1046 qui
551 957 730 1045 conjunctim
754 980 787 1023 ae
809 958 896 1023 simul
920 970 1024 1023 eontra
1047 979 1148 1024 omnes
1172 961 1243 1044 agit,

229 1086 282 1140 aut
304 1074 487 1162 singularum
509 1078 638 1161 partium
658 1079 847 1163 quantitates,
872 1087 924 1139 aut
938 1096 1027 1140 unam
1043 1076 1137 1139 totius
1154 1072 1245 1138 debiti

230 1212 373 1254 summam
402 1193 434 1253 in
460 1189 560 1254 libello
588 1193 712 1255 aetionis
737 1195 900 1278 exprimere
922 1202 1033 1276 potest.
1074 1187 1150 1254 Cum
1173 1211 1244 1254 vero

229 1303 477 1393 perhibuerimus‚
502 1307 646 1369 actionem
670 1305 795 1370 divisam
816 1309 858 1370 ita
881 1305 1005 1369 divisam
1028 1327 1102 1382 esse,
1126 1317 1161 1370 ut
1183 1327 1246 1370 ere·

231 1420 311 1486 ditor
332 1433 430 1485 toturn
454 1418 585 1484 debitum
608 1422 696 1486 simul
712 1421 748 1487 ab
765 1419 903 1486 omnibus
919 1433 1010 1508 petat,
1028 1431 1139 1506 partes
1152 1423 1246 1508 igitur

231 1557 380 1601 eouoemeu
407 1556 617 1622 personarum
645 1538 744 1627 fiant,
779 1557 958 1624 magnopere
991 1547 1094 1600 nostra
1122 1539 1246 1601 interest

230 1653 316 1716 istam
343 1654 474 1738 partium
500 1655 659 1730 rationem,
695 1654 850 1740 quaejam
873 1655 904 1716 iu
926 1654 1041 1716 actione
1063 1651 1244 1718 instituenda

231 1767 408 1833 nereditore
426 1766 628 1852 exprimenda
642 1771 691 1845 sit,
711 1790 817 1844 arcere,
836 1769 920 1855 eujus
936 1770 977 1832 rei
992 1766 1156 1853 perieulum
1171 1790 1245 1832 mox

230 1883 378 1949 iaciemus.
414 1919 449 1931 -
488 1881 588 1970 Supra
622 1883 841 1962 contendimus,
877 1896 907 1947 et
941 1877 1153 1954 ἀπαιτεῖσθαι
1186 1906 1243 1971 pro

229 1993 368 2074 Medion)
383 1999 537 2076 habeatur,
555 2011 584 2064 et
602 1995 705 2063 »κατὰ
720 1995 778 2086 τὴν
792 2009 928 2086 puteum«
945 2011 1103 2085 »respectu
1117 2003 1242 2086 partis«,

231 2127 375 2203 »propter
401 2127 552 2202 partem«
583 2115 685 2203 »quod
715 2115 751 2180 ad
778 2127 893 2203 partem
920 2117 1060 2192 attinet‚«
1090 2127 1144 2179 »ut
1165 2119 1243 2181 ratio

229 2231 376 2296 habeatur
397 2234 511 2318 partis«
533 2225 766 2314 transferatur¹²)
786 2243 934 2319 oportere.
974 2229 1091 2314 Quibus
1107 2252 1245 2318 compro·

229 2346 307 2413 batis
335 2347 477 2435 periodus
507 2351 548 2411 sie
576 2346 726 2412 reddenda
754 2360 814 2412 est:
844 2360 962 2412 »tamen
990 2346 1038 2412 ille
1060 2369 1121 2412 non
1145 2350 1243 2413 stetim

230 2462 268 2529 ab
290 2467 377 2529 initio
399 2484 639 2550 unumquemque
662 2467 693 2527 in
715 2463 843 2529 solidum
867 2465 984 2552 exigere
1005 2461 1101 2540 debet,
1126 2463 1180 2528 sed
1199 2467 1245 2529 in-

229 2583 330 2657 terim,
361 2579 443 2667 quod
472 2579 510 2642 ad
536 2591 650 2666 partem
673 2583 792 2657 attinet,
821 2578 983 2645 seeundum
1007 2600 1095 2667 quam
1118 2581 1244 2668 quisque

229 2707 356 2770 tenetur,
380 2693 522 2757 adversus
545 2695 676 2781 reliquos
700 2716 821 2781 quoque
844 2697 993 2781 experiri«
1022 2733 1057 2742 -
1083 2699 1125 2760 ita
1139 2695 1245 2760 utlm·

229 2822 350 2898 perator
372 2807 530 2896 significet:
553 2829 615 2871 nou
637 2811 737 2872 statim
759 2807 797 2872 ab
820 2810 905 2873 initio
924 2808 1098 2874 creditorem
1114 2809 1244 2876 solidum

231 2949 247 2990 a
271 2946 332 3013 quo
355 2924 434 3001 velit,
459 2922 512 2987 sed
534 2934 564 2988 et
586 2945 603 2986 a
625 2922 746 3010 reliquis
770 2924 888 3010 exigere
911 2922 1026 3001 debere,
1050 2937 1085 2988 ut
1106 2928 1148 2989 ita
1166 2929 1242 2991 ratio

229 3038 376 3105 habeatur
397 3042 505 3127 partis,
533 3060 588 3125 pro
613 3060 672 3126 qua
693 3041 822 3126 quisque
843 3051 989 3104 teneatur.
1026 3038 1142 3105 Nemini
1166 3043 1242 3106 enim

229 3157 314 3233 latet,
348 3155 556 3242 Imperatorem
590 3158 632 3219 ita
664 3157 760 3258 unius·
783 3175 940 3242 personam
970 3155 1092 3242 reliquis
1121 3161 1241 3234 normis,

229 3292 416 3360 nequaquam
439 3283 536 3336 autem
558 3284 709 3357 praeterea
731 3282 829 3335 totum
847 3270 978 3336 debitum
993 3269 1130 3359 partibus
1147 3294 1244 3359 oppo-

208 3371 312 3466 'nere,
342 3401 447 3474 atque,
475 3409 541 3453 eum
565 3387 739 3452 creditorem
761 3408 823 3451 non
847 3389 946 3452 stetim
970 3386 1006 3452 ab
1029 3390 1115 3454 initio
1139 3401 1244 3456 eontra

229 3526 323 3569 unum
345 3506 376 3568 in
399 3502 536 3581 solidum,
561 3502 613 3568 sed
636 3516 665 3567 et
687 3516 791 3568 eontra
805 3502 936 3590 reliquos
952 3507 1068 3570 interim
1083 3493 1243 3592 procedere

224 3619 344 3707 jubeat,
374 3621 500 3694 saneire,
532 3631 566 3684 ut
594 3621 709 3684 interim
738 3618 866 3683 solidum
890 3617 927 3683 ab
952 3619 1089 3684 omnibus
1112 3633 1241 3706 petatur,

229 3739 300 3823 quia
314 3739 391 3800 ratio
407 3733 510 3799 haberi
522 3733 628 3800 debeat
638 3737 741 3822 partis,
757 3755 814 3820 pro
827 3755 886 3822 qua
900 3737 1026 3823 quisque
1039 3728 1241 3818 (omnium)¹⁸)

283 3909 316 3979 ιο)
334 3909 368 3964 v,
387 3906 490 3981 §33‚1.
518 3938 553 3949 -
580 3908 613 3978 11)
632 3907 666 3962 V.
684 3905 754 3979 536.
783 3937 818 3947 -
846 3907 880 3979 l²)
899 3907 933 3962 V.
952 3905 1022 3978 538.

283 4005 316 4075 13)
334 4006 373 4062 sie
391 4005 497 4072 inemec
514 4007 638 4082 omnum,
656 4023 706 4071 ηομ
722 4007 912 4088 ’redimit‘
928 4007 1043 4079 imiimi
1064 4004 1095 4065 id
1113 4022 1177 4087 ‘1⁰⁰⁸
1195 4023 1241 4088 ΡΟ·
