<?xml version="1.0" encoding="UTF-8"?>
<!DOCTYPE html PUBLIC "-//W3C//DTD XHTML 1.0 Transitional//EN"
    "http://www.w3.org/TR/xhtml1/DTD/xhtml1-transitional.dtd">
<html xmlns="http://www.w3.org/1999/xhtml" xml:lang="en" lang="en">
 <head>
  <title>
</title>
<meta http-equiv="Content-Type" content="text/html;charset=utf-8" />
  <meta name='ocr-system' content='tesseract 3.04.00' />
  <meta name='ocr-capabilities' content='ocr_page ocr_carea ocr_par ocr_line ocrx_word'/>
</head>
<body>
  <div class='ocr_page' id='page_1' title='image "./novellajustinia00wiedgoog/novellajustinia00wiedgoog_0066.png"; bbox 0 0 2952 4556; ppageno 0'>
   <div class='ocr_carea' id='block_1_1' title="bbox 708 293 862 396">
    <p class='ocr_par' dir='ltr' id='par_1_1' title="bbox 708 293 862 396">
     <span class='ocr_line' id='line_1_1' title="bbox 708 293 862 396; baseline 0 -36"><span class='ocrx_word' id='word_1_1' title='bbox 708 293 862 396; x_wconf 46' lang='lat' dir='ltr'>Q</span> 
     </span>
    </p>
   </div>
   <div class='ocr_carea' id='block_1_2' title="bbox 273 471 1288 1141">
    <p class='ocr_par' dir='ltr' id='par_1_2' title="bbox 273 471 1288 1141">
     <span class='ocr_line' id='line_1_2' title="bbox 341 471 1288 564; baseline 0.001 -23"><span class='ocrx_word' id='word_1_2' title='bbox 341 473 505 563; x_wconf 87' lang='lat' dir='ltr'>Opiniones</span> <span class='ocrx_word' id='word_1_3' title='bbox 528 485 683 562; x_wconf 90' lang='lat' dir='ltr'>sequentes</span> <span class='ocrx_word' id='word_1_4' title='bbox 706 475 749 538; x_wconf 89' lang='lat' dir='ltr'>sic</span> <span class='ocrx_word' id='word_1_5' title='bbox 772 471 986 552; x_wconf 79' lang='lat' dir='ltr'>describemus,</span> <span class='ocrx_word' id='word_1_6' title='bbox 1010 487 1045 538; x_wconf 92' lang='lat' dir='ltr'>nt</span> <span class='ocrx_word' id='word_1_7' title='bbox 1067 475 1288 564; x_wconf 87' lang='lat' dir='ltr'>interpretatio·</span> 
     </span>
     <span class='ocr_line' id='line_1_3' title="bbox 273 587 1286 678; baseline -0.001 -21"><span class='ocrx_word' id='word_1_8' title='bbox 273 613 340 657; x_wconf 90' lang='lat' dir='ltr'>nem</span> <span class='ocrx_word' id='word_1_9' title='bbox 369 590 487 678; x_wconf 93' lang='lat' dir='ltr'>quidem</span> <span class='ocrx_word' id='word_1_10' title='bbox 517 593 663 678; x_wconf 81' lang='lat' dir='ltr'><strong>prooemii</strong></span> <span class='ocrx_word' id='word_1_11' title='bbox 691 589 728 654; x_wconf 79' lang='lat' dir='ltr'>alr</span> <span class='ocrx_word' id='word_1_12' title='bbox 757 588 946 667; x_wconf 88' lang='lat' dir='ltr'>Haloandro‚</span> <span class='ocrx_word' id='word_1_13' title='bbox 977 587 1139 678; x_wconf 81' lang='lat' dir='ltr'>Schragio‚</span> <span class='ocrx_word' id='word_1_14' title='bbox 1169 589 1286 657; x_wconf 76' lang='lat' dir='ltr'>Asuero</span> 
     </span>
     <span class='ocr_line' id='line_1_4' title="bbox 273 706 1287 792; baseline -0.001 -19"><span class='ocrx_word' id='word_1_15' title='bbox 273 719 413 774; x_wconf 76' lang='lat' dir='ltr'><strong>tentatam</strong></span> <span class='ocrx_word' id='word_1_16' title='bbox 429 709 545 772; x_wconf 84' lang='lat' dir='ltr'>interim</span> <span class='ocrx_word' id='word_1_17' title='bbox 561 710 742 784; x_wconf 88' lang='lat' dir='ltr'>omittamus,</span> <span class='ocrx_word' id='word_1_18' title='bbox 766 706 1004 792; x_wconf 84' lang='lat' dir='ltr'>conjunctionem</span> <span class='ocrx_word' id='word_1_19' title='bbox 1019 717 1117 770; x_wconf 89' lang='lat' dir='ltr'>autem</span> <span class='ocrx_word' id='word_1_20' title='bbox 1132 709 1287 784; x_wconf 84' lang='lat' dir='ltr'>internam,</span> 
     </span>
     <span class='ocr_line' id='line_1_5' title="bbox 274 820 1288 910; baseline -0.002 -22"><span class='ocrx_word' id='word_1_21' title='bbox 274 843 363 910; x_wconf 91' lang='lat' dir='ltr'>quam</span> <span class='ocrx_word' id='word_1_22' title='bbox 386 823 528 889; x_wconf 89' lang='lat' dir='ltr'>beneficio</span> <span class='ocrx_word' id='word_1_23' title='bbox 551 823 736 888; x_wconf 78' lang='lat' dir='ltr'>excussionis</span> <span class='ocrx_word' id='word_1_24' title='bbox 760 823 894 910; x_wconf 87' lang='lat' dir='ltr'>inspecto</span> <span class='ocrx_word' id='word_1_25' title='bbox 911 820 1020 908; x_wconf 81' lang='lat' dir='ltr'>singuli</span> <span class='ocrx_word' id='word_1_26' title='bbox 1036 822 1195 908; x_wconf 74' lang='lat' dir='ltr'>scriptores</span> <span class='ocrx_word' id='word_1_27' title='bbox 1211 823 1288 886; x_wconf 87' lang='lat' dir='ltr'>inter</span> 
     </span>
     <span class='ocr_line' id='line_1_6' title="bbox 273 935 1288 1024; baseline -0.001 -21"><span class='ocrx_word' id='word_1_28' title='bbox 273 936 352 1003; x_wconf 84' lang='lat' dir='ltr'>Nor.</span> <span class='ocrx_word' id='word_1_29' title='bbox 369 935 412 1004; x_wconf 88' lang='lat'>99</span> <span class='ocrx_word' id='word_1_30' title='bbox 440 950 470 1004; x_wconf 89' lang='lat' dir='ltr'>et</span> <span class='ocrx_word' id='word_1_31' title='bbox 492 935 609 1003; x_wconf 75' lang='lat' dir='ltr'>Noul</span> <span class='ocrx_word' id='word_1_32' title='bbox 637 937 814 1004; x_wconf 83' lang='lat' dir='ltr'>intercedere</span> <span class='ocrx_word' id='word_1_33' title='bbox 842 935 1040 1015; x_wconf 86' lang='lat' dir='ltr'>arbitrantur,</span> <span class='ocrx_word' id='word_1_34' title='bbox 1071 939 1171 1002; x_wconf 84' lang='lat' dir='ltr'>statim</span> <span class='ocrx_word' id='word_1_35' title='bbox 1194 957 1288 1024; x_wconf 83' lang='lat' dir='ltr'>expo·</span> 
     </span>
     <span class='ocr_line' id='line_1_7' title="bbox 275 1052 663 1141; baseline -0.005 -21"><span class='ocrx_word' id='word_1_36' title='bbox 275 1075 381 1120; x_wconf 87' lang='lat' dir='ltr'>namus</span> <span class='ocrx_word' id='word_1_37' title='bbox 405 1066 435 1120; x_wconf 90' lang='lat' dir='ltr'>et</span> <span class='ocrx_word' id='word_1_38' title='bbox 457 1052 663 1141; x_wconf 82' lang='lat' dir='ltr'>dijudicemus.</span> 
     </span>
    </p>
   </div>
   <div class='ocr_carea' id='block_1_3' title="bbox 739 1227 827 1315">
    <p class='ocr_par' dir='ltr' id='par_1_3' title="bbox 739 1227 827 1315">
     <span class='ocr_line' id='line_1_8' title="bbox 739 1227 827 1315; baseline 0 -19"><span class='ocrx_word' id='word_1_39' title='bbox 739 1227 827 1315; x_wconf 67' lang='lat'><strong>511.</strong></span> 
     </span>
    </p>
   </div>
   <div class='ocr_carea' id='block_1_4' title="bbox 483 1360 1077 1460">
    <p class='ocr_par' dir='ltr' id='par_1_4' title="bbox 483 1360 1077 1460">
     <span class='ocr_line' id='line_1_9' title="bbox 483 1360 1077 1460; baseline -0.002 -30"><span class='ocrx_word' id='word_1_40' title='bbox 483 1365 507 1430; x_wconf 90' lang='lat'>1.</span> <span class='ocrx_word' id='word_1_41' title='bbox 540 1363 591 1430; x_wconf 88' lang='lat' dir='ltr'>De</span> <span class='ocrx_word' id='word_1_42' title='bbox 616 1365 796 1460; x_wconf 81' lang='lat' dir='ltr'>opinione</span> <span class='ocrx_word' id='word_1_43' title='bbox 818 1361 873 1430; x_wconf 80' lang='lat' dir='ltr'>Fr.</span> <span class='ocrx_word' id='word_1_44' title='bbox 889 1360 1077 1429; x_wconf 90' lang='lat' dir='ltr'>Balduini.</span> 
     </span>
    </p>
   </div>
   <div class='ocr_carea' id='block_1_5' title="bbox 274 1507 1290 2644">
    <p class='ocr_par' dir='ltr' id='par_1_5' title="bbox 274 1507 1290 2507">
     <span class='ocr_line' id='line_1_10' title="bbox 342 1507 1288 1602; baseline -0.004 -20"><span class='ocrx_word' id='word_1_45' title='bbox 342 1515 496 1582; x_wconf 84' lang='lat' dir='ltr'>Sententia</span> <span class='ocrx_word' id='word_1_46' title='bbox 517 1515 567 1580; x_wconf 83' lang='lat' dir='ltr'>Fr.</span> <span class='ocrx_word' id='word_1_47' title='bbox 590 1507 771 1598; x_wconf 87' lang='lat' dir='ltr'>Balduini¹),</span> <span class='ocrx_word' id='word_1_48' title='bbox 801 1514 963 1581; x_wconf 88' lang='lat' dir='ltr'>secundum</span> <span class='ocrx_word' id='word_1_49' title='bbox 990 1535 1080 1602; x_wconf 58' lang='lat' dir='ltr'>mam</span> <span class='ocrx_word' id='word_1_50' title='bbox 1102 1511 1288 1580; x_wconf 84' lang='lat' dir='ltr'>Justinianus</span> 
     </span>
     <span class='ocr_line' id='line_1_11' title="bbox 274 1629 1288 1726; baseline -0.003 -29"><span class='ocrx_word' id='word_1_51' title='bbox 274 1633 322 1711; x_wconf 86' lang='lat' dir='ltr'>iis,</span> <span class='ocrx_word' id='word_1_52' title='bbox 345 1635 398 1720; x_wconf 90' lang='lat' dir='ltr'>qui</span> <span class='ocrx_word' id='word_1_53' title='bbox 411 1654 468 1720; x_wconf 92' lang='lat' dir='ltr'>pro</span> <span class='ocrx_word' id='word_1_54' title='bbox 493 1631 593 1698; x_wconf 87' lang='lat' dir='ltr'>debito</span> <span class='ocrx_word' id='word_1_55' title='bbox 616 1631 712 1726; x_wconf 81' lang='lat' dir='ltr'>alieno</span> <span class='ocrx_word' id='word_1_56' title='bbox 735 1631 925 1718; x_wconf 83' lang='lat' dir='ltr'>fidejussores</span> <span class='ocrx_word' id='word_1_57' title='bbox 948 1629 1016 1696; x_wconf 79' lang='lat' dir='ltr'>lacet</span> <span class='ocrx_word' id='word_1_58' title='bbox 1039 1641 1111 1696; x_wconf 84' lang='lat' dir='ltr'>sunt</span> <span class='ocrx_word' id='word_1_59' title='bbox 1133 1642 1163 1696; x_wconf 90' lang='lat' dir='ltr'>et</span> <span class='ocrx_word' id='word_1_60' title='bbox 1182 1651 1288 1696; x_wconf 90' lang='lat' dir='ltr'>rursus</span> 
     </span>
     <span class='ocr_line' id='line_1_12' title="bbox 274 1745 1289 1835; baseline -0.004 -21"><span class='ocrx_word' id='word_1_61' title='bbox 274 1750 399 1814; x_wconf 87' lang='lat' dir='ltr'>invicem</span> <span class='ocrx_word' id='word_1_62' title='bbox 415 1748 489 1814; x_wconf 85' lang='lat' dir='ltr'>alter</span> <span class='ocrx_word' id='word_1_63' title='bbox 506 1771 562 1835; x_wconf 94' lang='lat' dir='ltr'>pro</span> <span class='ocrx_word' id='word_1_64' title='bbox 580 1747 672 1813; x_wconf 88' lang='lat' dir='ltr'>altero</span> <span class='ocrx_word' id='word_1_65' title='bbox 689 1746 909 1835; x_wconf 84' lang='lat' dir='ltr'>fidejusserunt,</span> <span class='ocrx_word' id='word_1_66' title='bbox 933 1745 1106 1813; x_wconf 86' lang='lat' dir='ltr'>beneficium</span> <span class='ocrx_word' id='word_1_67' title='bbox 1128 1745 1212 1833; x_wconf 91' lang='lat' dir='ltr'>quod</span> <span class='ocrx_word' id='word_1_68' title='bbox 1233 1767 1289 1810; x_wconf 83' lang='lat' dir='ltr'>ro·</span> 
     </span>
     <span class='ocr_line' id='line_1_13' title="bbox 275 1859 1289 1950; baseline -0.005 -20"><span class='ocrx_word' id='word_1_69' title='bbox 275 1876 359 1930; x_wconf 82' lang='lat' dir='ltr'>catru</span> <span class='ocrx_word' id='word_1_70' title='bbox 382 1863 538 1930; x_wconf 78' lang='lat' dir='ltr'>divisionis</span> <span class='ocrx_word' id='word_1_71' title='bbox 560 1863 692 1941; x_wconf 76' lang='lat' dir='ltr'>indulsit.</span> <span class='ocrx_word' id='word_1_72' title='bbox 716 1861 870 1950; x_wconf 91' lang='lat' dir='ltr'>quomodo</span> <span class='ocrx_word' id='word_1_73' title='bbox 894 1884 960 1928; x_wconf 91' lang='lat' dir='ltr'>cum</span> <span class='ocrx_word' id='word_1_74' title='bbox 975 1860 1092 1928; x_wconf 79' lang='lat' dir='ltr'>Nor.·4</span> <span class='ocrx_word' id='word_1_75' title='bbox 1107 1859 1289 1928; x_wconf 85' lang='lat' dir='ltr'>concilianda</span> 
     </span>
     <span class='ocr_line' id='line_1_14' title="bbox 275 1978 1289 2066; baseline -0.004 -20"><span class='ocrx_word' id='word_1_76' title='bbox 275 1983 324 2057; x_wconf 88' lang='lat' dir='ltr'>sit,</span> <span class='ocrx_word' id='word_1_77' title='bbox 348 1978 385 2043; x_wconf 78' lang='lat' dir='ltr'>ab</span> <span class='ocrx_word' id='word_1_78' title='bbox 408 1982 476 2066; x_wconf 88' lang='lat' dir='ltr'>ipso</span> <span class='ocrx_word' id='word_1_79' title='bbox 500 1991 621 2044; x_wconf 87' lang='lat' dir='ltr'>auctore</span> <span class='ocrx_word' id='word_1_80' title='bbox 643 2000 705 2042; x_wconf 94' lang='lat' dir='ltr'>non</span> <span class='ocrx_word' id='word_1_81' title='bbox 727 1978 901 2065; x_wconf 84' lang='lat' dir='ltr'>explicatur,</span> <span class='ocrx_word' id='word_1_82' title='bbox 926 1999 1021 2066; x_wconf 90' lang='lat' dir='ltr'>neque</span> <span class='ocrx_word' id='word_1_83' title='bbox 1043 1978 1192 2044; x_wconf 82' lang='lat' dir='ltr'>vinculum</span> <span class='ocrx_word' id='word_1_84' title='bbox 1212 1979 1289 2042; x_wconf 89' lang='lat' dir='ltr'>inter</span> 
     </span>
     <span class='ocr_line' id='line_1_15' title="bbox 274 2091 1287 2182; baseline -0.002 -22"><span class='ocrx_word' id='word_1_85' title='bbox 274 2093 414 2160; x_wconf 85' lang='lat' dir='ltr'>Novellas</span> <span class='ocrx_word' id='word_1_86' title='bbox 430 2093 603 2182; x_wconf 81' lang='lat' dir='ltr'>quodquam</span> <span class='ocrx_word' id='word_1_87' title='bbox 618 2095 675 2160; x_wconf 91' lang='lat' dir='ltr'>nisi</span> <span class='ocrx_word' id='word_1_88' title='bbox 690 2092 721 2158; x_wconf 93' lang='lat' dir='ltr'>id</span> <span class='ocrx_word' id='word_1_89' title='bbox 740 2115 778 2159; x_wconf 81' lang='lat' dir='ltr'>ex</span> <span class='ocrx_word' id='word_1_90' title='bbox 794 2093 859 2180; x_wconf 86' lang='lat' dir='ltr'>ejus</span> <span class='ocrx_word' id='word_1_91' title='bbox 874 2096 1019 2160; x_wconf 86' lang='lat' dir='ltr'>sententia</span> <span class='ocrx_word' id='word_1_92' title='bbox 1034 2093 1136 2160; x_wconf 82' lang='lat' dir='ltr'>edesse</span> <span class='ocrx_word' id='word_1_93' title='bbox 1159 2091 1287 2170; x_wconf 87' lang='lat' dir='ltr'>videtur,</span> 
     </span>
     <span class='ocr_line' id='line_1_16' title="bbox 277 2208 1290 2298; baseline -0.002 -23"><span class='ocrx_word' id='word_1_94' title='bbox 277 2209 360 2298; x_wconf 93' lang='lat' dir='ltr'>quod</span> <span class='ocrx_word' id='word_1_95' title='bbox 394 2232 447 2298; x_wconf 89' lang='lat' dir='ltr'>per</span> <span class='ocrx_word' id='word_1_96' title='bbox 479 2223 635 2298; x_wconf 87' lang='lat' dir='ltr'>utramque</span> <span class='ocrx_word' id='word_1_97' title='bbox 671 2230 762 2274; x_wconf 88' lang='lat' dir='ltr'>onera</span> <span class='ocrx_word' id='word_1_98' title='bbox 795 2208 1006 2296; x_wconf 86' lang='lat' dir='ltr'>fidejussorum</span> <span class='ocrx_word' id='word_1_99' title='bbox 1038 2210 1233 2276; x_wconf 86' lang='lat' dir='ltr'>sublevantur</span> <span class='ocrx_word' id='word_1_100' title='bbox 1260 2220 1290 2276; x_wconf 90' lang='lat' dir='ltr'>et</span> 
     </span>
     <span class='ocr_line' id='line_1_17' title="bbox 276 2311 1290 2413; baseline -0.003 -20"><span class='ocrx_word' id='word_1_101' title='bbox 276 2328 432 2413; x_wconf 88' lang='lat' dir='ltr'>utriusque</span> <span class='ocrx_word' id='word_1_102' title='bbox 460 2324 633 2392; x_wconf 88' lang='lat' dir='ltr'>beneficium</span> <span class='ocrx_word' id='word_1_103' title='bbox 662 2346 756 2412; x_wconf 85' lang='lat' dir='ltr'>paene</span> <span class='ocrx_word' id='word_1_104' title='bbox 786 2324 842 2392; x_wconf 90' lang='lat' dir='ltr'>sub</span> <span class='ocrx_word' id='word_1_105' title='bbox 866 2327 970 2393; x_wconf 88' lang='lat' dir='ltr'>iisdem</span> <span class='ocrx_word' id='word_1_106' title='bbox 992 2325 1215 2393; x_wconf 87' lang='lat' dir='ltr'>conditionibus</span> <span class='ocrx_word' id='word_1_107' title='bbox 1238 2311 1290 2390; x_wconf 88' lang='lat' dir='ltr'>de·</span> 
     </span>
     <span class='ocr_line' id='line_1_18' title="bbox 275 2439 591 2507; baseline 0 -1"><span class='ocrx_word' id='word_1_108' title='bbox 275 2439 427 2507; x_wconf 73' lang='lat' dir='ltr'>litoribus</span> <span class='ocrx_word' id='word_1_109' title='bbox 451 2439 591 2507; x_wconf 81' lang='lat' dir='ltr'>defertur.</span> 
     </span>
    </p>

    <p class='ocr_par' dir='ltr' id='par_1_6' title="bbox 343 2554 1288 2644">
     <span class='ocr_line' id='line_1_19' title="bbox 343 2554 1288 2644; baseline 0.003 -23"><span class='ocrx_word' id='word_1_110' title='bbox 343 2554 449 2622; x_wconf 88' lang='lat' dir='ltr'>Oneris</span> <span class='ocrx_word' id='word_1_111' title='bbox 463 2557 675 2644; x_wconf 88' lang='lat' dir='ltr'>fidejussorum</span> <span class='ocrx_word' id='word_1_112' title='bbox 689 2559 833 2623; x_wconf 85' lang='lat' dir='ltr'>rationem</span> <span class='ocrx_word' id='word_1_113' title='bbox 849 2579 915 2624; x_wconf 91' lang='lat' dir='ltr'>cum</span> <span class='ocrx_word' id='word_1_114' title='bbox 930 2557 1083 2638; x_wconf 83' lang='lat' dir='ltr'>habemus,</span> <span class='ocrx_word' id='word_1_115' title='bbox 1102 2555 1288 2624; x_wconf 86' lang='lat' dir='ltr'>Justinianus</span> 
     </span>
    </p>
   </div>
   <div class='ocr_carea' id='block_1_6' title="bbox 275 2670 1441 2764">
    <p class='ocr_par' dir='ltr' id='par_1_7' title="bbox 275 2670 1441 2764">
     <span class='ocr_line' id='line_1_20' title="bbox 275 2670 1441 2764; baseline 0.001 -27"><span class='ocrx_word' id='word_1_116' title='bbox 275 2671 319 2738; x_wconf 88' lang='lat' dir='ltr'>ita</span> <span class='ocrx_word' id='word_1_117' title='bbox 340 2694 403 2737; x_wconf 91' lang='lat' dir='ltr'>non</span> <span class='ocrx_word' id='word_1_118' title='bbox 422 2670 497 2738; x_wconf 81' lang='lat' dir='ltr'>salso</span> <span class='ocrx_word' id='word_1_119' title='bbox 520 2672 649 2760; x_wconf 91' lang='lat' dir='ltr'>quidem,</span> <span class='ocrx_word' id='word_1_120' title='bbox 673 2674 727 2739; x_wconf 90' lang='lat' dir='ltr'>sed</span> <span class='ocrx_word' id='word_1_121' title='bbox 749 2685 845 2740; x_wconf 77' lang='lat' dir='ltr'>tamma</span> <span class='ocrx_word' id='word_1_122' title='bbox 868 2678 966 2741; x_wconf 90' lang='lat' dir='ltr'>minus</span> <span class='ocrx_word' id='word_1_123' title='bbox 988 2675 1151 2764; x_wconf 86' lang='lat' dir='ltr'>prudenter</span> <span class='ocrx_word' id='word_1_124' title='bbox 1172 2671 1289 2739; x_wconf 64' lang='lat' dir='ltr'>Nomi</span> <span class='ocrx_word' id='word_1_125' title='bbox 1425 2691 1441 2742; x_wconf 85' lang='grc'>,·</span> 
     </span>
    </p>
   </div>
   <div class='ocr_carea' id='block_1_7' title="bbox 275 2788 1291 3921">
    <p class='ocr_par' dir='ltr' id='par_1_8' title="bbox 275 2788 1290 3340">
     <span class='ocr_line' id='line_1_21' title="bbox 276 2788 1290 2879; baseline -0.001 -25"><span class='ocrx_word' id='word_1_126' title='bbox 276 2809 294 2854; x_wconf 91' lang='lat' dir='ltr'>a</span> <span class='ocrx_word' id='word_1_127' title='bbox 309 2809 341 2853; x_wconf 93' lang='lat' dir='ltr'>se</span> <span class='ocrx_word' id='word_1_128' title='bbox 356 2788 445 2854; x_wconf 86' lang='lat' dir='ltr'>latam</span> <span class='ocrx_word' id='word_1_129' title='bbox 460 2811 524 2855; x_wconf 87' lang='lat' dir='ltr'>esse</span> <span class='ocrx_word' id='word_1_130' title='bbox 538 2801 740 2868; x_wconf 81' lang='lat' dir='ltr'>memorasset,</span> <span class='ocrx_word' id='word_1_131' title='bbox 759 2811 825 2856; x_wconf 86' lang='lat' dir='ltr'>eum</span> <span class='ocrx_word' id='word_1_132' title='bbox 840 2795 934 2879; x_wconf 84' lang='lat' dir='ltr'>magis</span> <span class='ocrx_word' id='word_1_133' title='bbox 948 2791 1084 2879; x_wconf 83' lang='lat' dir='ltr'>Epistola</span> <span class='ocrx_word' id='word_1_134' title='bbox 1102 2788 1131 2855; x_wconf 89' lang='lat' dir='ltr'>d.</span> <span class='ocrx_word' id='word_1_135' title='bbox 1146 2789 1290 2855; x_wconf 87' lang='lat' dir='ltr'>Hadriani</span> 
     </span>
     <span class='ocr_line' id='line_1_22' title="bbox 276 2903 1289 2995; baseline 0 -25"><span class='ocrx_word' id='word_1_136' title='bbox 276 2917 307 2970; x_wconf 87' lang='lat' dir='ltr'>et</span> <span class='ocrx_word' id='word_1_137' title='bbox 327 2905 361 2970; x_wconf 92' lang='lat' dir='ltr'>L.</span> <span class='ocrx_word' id='word_1_138' title='bbox 383 2904 474 2972; x_wconf 80' lang='lat' dir='ltr'>Furia</span> <span class='ocrx_word' id='word_1_139' title='bbox 497 2905 533 2971; x_wconf 93' lang='lat' dir='ltr'>de</span> <span class='ocrx_word' id='word_1_140' title='bbox 555 2928 672 2994; x_wconf 88' lang='lat' dir='ltr'>sponsu</span> <span class='ocrx_word' id='word_1_141' title='bbox 693 2907 732 2973; x_wconf 89' lang='lat' dir='ltr'>ad</span> <span class='ocrx_word' id='word_1_142' title='bbox 753 2906 831 2975; x_wconf 87' lang='lat' dir='ltr'>Nor.</span> <span class='ocrx_word' id='word_1_143' title='bbox 848 2905 892 2975; x_wconf 88' lang='grc'>99</span> <span class='ocrx_word' id='word_1_144' title='bbox 914 2907 1148 2995; x_wconf 80' lang='lat' dir='ltr'>respondissent</span> <span class='ocrx_word' id='word_1_145' title='bbox 1185 2903 1289 2993; x_wconf 81' lang='lat' dir='ltr'>Neque</span> 
     </span>
     <span class='ocr_line' id='line_1_23' title="bbox 277 3017 1289 3090; baseline 0 -4"><span class='ocrx_word' id='word_1_146' title='bbox 277 3042 292 3086; x_wconf 93' lang='lat' dir='ltr'>e</span> <span class='ocrx_word' id='word_1_147' title='bbox 322 3020 544 3089; x_wconf 86' lang='lat' dir='ltr'>conditionibus</span> <span class='ocrx_word' id='word_1_148' title='bbox 572 3023 706 3090; x_wconf 88' lang='lat' dir='ltr'>beneficii</span> <span class='ocrx_word' id='word_1_149' title='bbox 729 3026 915 3090; x_wconf 87' lang='lat' dir='ltr'>excussionis</span> <span class='ocrx_word' id='word_1_150' title='bbox 944 3035 975 3088; x_wconf 84' lang='lat' dir='ltr'>et</span> <span class='ocrx_word' id='word_1_151' title='bbox 995 3021 1127 3088; x_wconf 88' lang='lat' dir='ltr'>beneficii</span> <span class='ocrx_word' id='word_1_152' title='bbox 1150 3019 1228 3087; x_wconf 87' lang='lat' dir='ltr'>Nor.</span> <span class='ocrx_word' id='word_1_153' title='bbox 1245 3017 1289 3087; x_wconf 87' lang='lat'>99</span> 
     </span>
     <span class='ocr_line' id='line_1_24' title="bbox 276 3135 1289 3226; baseline -0.001 -24"><span class='ocrx_word' id='word_1_154' title='bbox 276 3140 421 3224; x_wconf 86' lang='lat' dir='ltr'>sequitur,</span> <span class='ocrx_word' id='word_1_155' title='bbox 444 3137 645 3205; x_wconf 86' lang='lat' dir='ltr'>Justinianum</span> <span class='ocrx_word' id='word_1_156' title='bbox 667 3143 845 3205; x_wconf 89' lang='lat' dir='ltr'>mentionem</span> <span class='ocrx_word' id='word_1_157' title='bbox 869 3137 962 3204; x_wconf 88' lang='lat' dir='ltr'>lacere</span> <span class='ocrx_word' id='word_1_158' title='bbox 982 3135 1100 3205; x_wconf 70' lang='lat' dir='ltr'>Nond</span> <span class='ocrx_word' id='word_1_159' title='bbox 1121 3141 1216 3226; x_wconf 82' lang='lat' dir='ltr'>magis</span> <span class='ocrx_word' id='word_1_160' title='bbox 1239 3135 1289 3202; x_wconf 93' lang='lat' dir='ltr'>de·</span> 
     </span>
     <span class='ocr_line' id='line_1_25' title="bbox 275 3241 918 3340; baseline 0.002 -24"><span class='ocrx_word' id='word_1_161' title='bbox 275 3249 388 3329; x_wconf 88' lang='lat' dir='ltr'>buisse,</span> <span class='ocrx_word' id='word_1_162' title='bbox 413 3273 502 3338; x_wconf 90' lang='lat' dir='ltr'>quam</span> <span class='ocrx_word' id='word_1_163' title='bbox 523 3253 676 3340; x_wconf 86' lang='lat' dir='ltr'>Epistolae</span> <span class='ocrx_word' id='word_1_164' title='bbox 699 3265 730 3318; x_wconf 92' lang='lat' dir='ltr'>et</span> <span class='ocrx_word' id='word_1_165' title='bbox 750 3254 784 3320; x_wconf 90' lang='lat' dir='ltr'>L.</span> <span class='ocrx_word' id='word_1_166' title='bbox 801 3241 918 3320; x_wconf 69' lang='lat' dir='ltr'>Furiae</span> 
     </span>
    </p>

    <p class='ocr_par' dir='ltr' id='par_1_9' title="bbox 276 3363 1291 3921">
     <span class='ocr_line' id='line_1_26' title="bbox 344 3363 1290 3454; baseline 0.002 -22"><span class='ocrx_word' id='word_1_167' title='bbox 344 3363 489 3432; x_wconf 85' lang='lat' dir='ltr'>Universa</span> <span class='ocrx_word' id='word_1_168' title='bbox 502 3379 602 3432; x_wconf 82' lang='lat' dir='ltr'>autem</span> <span class='ocrx_word' id='word_1_169' title='bbox 615 3367 755 3433; x_wconf 87' lang='lat' dir='ltr'>Balduiui</span> <span class='ocrx_word' id='word_1_170' title='bbox 772 3372 916 3434; x_wconf 88' lang='lat' dir='ltr'>sententia</span> <span class='ocrx_word' id='word_1_171' title='bbox 930 3368 1088 3454; x_wconf 87' lang='lat' dir='ltr'>rejicienda</span> <span class='ocrx_word' id='word_1_172' title='bbox 1104 3381 1158 3447; x_wconf 81' lang='lat' dir='ltr'>est,</span> <span class='ocrx_word' id='word_1_173' title='bbox 1177 3371 1203 3433; x_wconf 92' lang='lat' dir='ltr'>si</span> <span class='ocrx_word' id='word_1_174' title='bbox 1218 3389 1290 3434; x_wconf 89' lang='lat' dir='ltr'>eon·</span> 
     </span>
     <span class='ocr_line' id='line_1_27' title="bbox 277 3480 1291 3572; baseline 0.001 -25"><span class='ocrx_word' id='word_1_175' title='bbox 277 3480 399 3560; x_wconf 78' lang='lat' dir='ltr'>sideros,</span> <span class='ocrx_word' id='word_1_176' title='bbox 420 3480 611 3567; x_wconf 85' lang='lat' dir='ltr'>fidejussores</span> <span class='ocrx_word' id='word_1_177' title='bbox 634 3505 672 3550; x_wconf 81' lang='lat' dir='ltr'>ex</span> <span class='ocrx_word' id='word_1_178' title='bbox 686 3483 822 3572; x_wconf 81' lang='lat' dir='ltr'>Epistola</span> <span class='ocrx_word' id='word_1_179' title='bbox 843 3484 871 3550; x_wconf 93' lang='lat' dir='ltr'>d.</span> <span class='ocrx_word' id='word_1_180' title='bbox 888 3484 1031 3550; x_wconf 88' lang='lat' dir='ltr'>Hadriani</span> <span class='ocrx_word' id='word_1_181' title='bbox 1049 3483 1191 3551; x_wconf 84' lang='lat' dir='ltr'>beneficio</span> <span class='ocrx_word' id='word_1_182' title='bbox 1214 3483 1291 3549; x_wconf 86' lang='lat' dir='ltr'>divi·</span> 
     </span>
     <span class='ocr_line' id='line_1_28' title="bbox 277 3598 1288 3687; baseline 0 -23"><span class='ocrx_word' id='word_1_183' title='bbox 277 3600 371 3664; x_wconf 88' lang='lat' dir='ltr'>sionis</span> <span class='ocrx_word' id='word_1_184' title='bbox 382 3598 445 3685; x_wconf 91' lang='lat' dir='ltr'>jam</span> <span class='ocrx_word' id='word_1_185' title='bbox 459 3601 579 3684; x_wconf 80' lang='lat' dir='ltr'>gavisos</span> <span class='ocrx_word' id='word_1_186' title='bbox 595 3621 668 3678; x_wconf 85' lang='lat' dir='ltr'>esse,</span> <span class='ocrx_word' id='word_1_187' title='bbox 692 3603 733 3666; x_wconf 85' lang='lat' dir='ltr'>ita</span> <span class='ocrx_word' id='word_1_188' title='bbox 753 3613 789 3666; x_wconf 90' lang='lat' dir='ltr'>ut</span> <span class='ocrx_word' id='word_1_189' title='bbox 804 3599 915 3667; x_wconf 82' lang='lat' dir='ltr'>frustra</span> <span class='ocrx_word' id='word_1_190' title='bbox 929 3622 967 3666; x_wconf 84' lang='lat' dir='ltr'>ex</span> <span class='ocrx_word' id='word_1_191' title='bbox 981 3599 1129 3665; x_wconf 86' lang='lat' dir='ltr'>Balduino</span> <span class='ocrx_word' id='word_1_192' title='bbox 1145 3601 1288 3687; x_wconf 90' lang='lat' dir='ltr'>inquiras,</span> 
     </span>
     <span class='ocr_line' id='line_1_29' title="bbox 278 3712 1291 3804; baseline 0 -25"><span class='ocrx_word' id='word_1_193' title='bbox 278 3735 354 3802; x_wconf 89' lang='lat' dir='ltr'>quae</span> <span class='ocrx_word' id='word_1_194' title='bbox 368 3716 445 3779; x_wconf 91' lang='lat' dir='ltr'>ratio</span> <span class='ocrx_word' id='word_1_195' title='bbox 462 3712 558 3780; x_wconf 89' lang='lat' dir='ltr'>edicto</span> <span class='ocrx_word' id='word_1_196' title='bbox 573 3717 654 3794; x_wconf 90' lang='lat' dir='ltr'>insit,</span> <span class='ocrx_word' id='word_1_197' title='bbox 675 3727 739 3804; x_wconf 87' lang='lat' dir='ltr'>quo</span> <span class='ocrx_word' id='word_1_198' title='bbox 755 3719 963 3794; x_wconf 89' lang='lat' dir='ltr'>constituatur,</span> <span class='ocrx_word' id='word_1_199' title='bbox 982 3728 1026 3795; x_wconf 85' lang='lat' dir='ltr'>nt,</span> <span class='ocrx_word' id='word_1_200' title='bbox 1043 3719 1068 3781; x_wconf 88' lang='lat' dir='ltr'>si</span> <span class='ocrx_word' id='word_1_201' title='bbox 1082 3715 1125 3780; x_wconf 96' lang='lat' dir='ltr'>illi</span> <span class='ocrx_word' id='word_1_202' title='bbox 1138 3726 1291 3802; x_wconf 85' lang='lat' dir='ltr'>praeterea</span> 
     </span>
     <span class='ocr_line' id='line_1_30' title="bbox 276 3831 1290 3921; baseline 0 -27"><span class='ocrx_word' id='word_1_203' title='bbox 276 3843 382 3895; x_wconf 89' lang='lat' dir='ltr'>mutua</span> <span class='ocrx_word' id='word_1_204' title='bbox 398 3832 461 3895; x_wconf 92' lang='lat' dir='ltr'>viee</span> <span class='ocrx_word' id='word_1_205' title='bbox 483 3831 557 3896; x_wconf 86' lang='lat' dir='ltr'>alter</span> <span class='ocrx_word' id='word_1_206' title='bbox 577 3853 634 3919; x_wconf 91' lang='lat' dir='ltr'>pro</span> <span class='ocrx_word' id='word_1_207' title='bbox 658 3833 750 3898; x_wconf 89' lang='lat' dir='ltr'>altero</span> <span class='ocrx_word' id='word_1_208' title='bbox 773 3831 964 3921; x_wconf 87' lang='lat' dir='ltr'>fidejussores</span> <span class='ocrx_word' id='word_1_209' title='bbox 987 3835 1163 3910; x_wconf 84' lang='lat' dir='ltr'>exstiterint,</span> <span class='ocrx_word' id='word_1_210' title='bbox 1187 3851 1290 3897; x_wconf 86' lang='lat' dir='ltr'>vocem</span> 
     </span>
    </p>
   </div>
   <div class='ocr_carea' id='block_1_8' title="bbox 333 3985 504 4057">
    <p class='ocr_par' dir='ltr' id='par_1_10' title="bbox 333 3985 504 4057">
     <span class='ocr_line' id='line_1_31' title="bbox 333 3985 504 4057; baseline -0.012 -16"><span class='ocrx_word' id='word_1_211' title='bbox 333 3986 355 4056; x_wconf 70' lang='grc' dir='ltr'>ι)</span> <span class='ocrx_word' id='word_1_212' title='bbox 379 3985 428 4041; x_wconf 85' lang='lat' dir='ltr'>on.</span> <span class='ocrx_word' id='word_1_213' title='bbox 448 3985 504 4057; x_wconf 75' lang='lat'>§4-</span> 
     </span>
    </p>
   </div>
   <div class='ocr_carea' id='block_1_9' title="bbox 0 0 1484 4556">
    <p class='ocr_par' dir='ltr' id='par_1_11' title="bbox 0 0 1484 4556">
     <span class='ocr_line' id='line_1_32' title="bbox 0 0 1484 4556; baseline 0 0"><span class='ocrx_word' id='word_1_214' title='bbox 0 0 1484 4556; x_wconf 95' lang='lat' dir='ltr'> </span> 
     </span>
    </p>
   </div>
  </div>
 </body>
</html>
