2936 4554
588 290 748 390 „mn-

163 467 339 560 »κᾷττίνῳι
368 465 520 560 legunt²¹).
565 472 734 536 Lectionem
764 463 941 556 »κᾴκείνῳι
968 461 1176 551 Burchardi²²)

164 589 202 654 ad
225 587 399 654 creditorem
422 588 532 664 retulit,
557 590 627 675 quia
649 589 809 673 promissio
827 571 863 650 irs
881 586 1009 652 solidum
1025 583 1102 650 secta
1117 607 1179 650 non

165 703 361 781 debitoribus,
387 705 439 770 sed
463 703 601 768 creditori
625 704 780 767 utilitatem
804 700 952 788 praebeat.
999 699 1061 766 Sed
1083 723 1179 789 neque

165 814 340 905 φυλάττειν
362 823 526 886 necessario
557 819 592 884 de
622 819 778 884 commodo
808 816 986 882 conserendo
1016 816 1181 904 intelligen-

166 935 235 1000 dum
258 949 312 1012 est,
338 935 390 1000 sod
413 936 583 1024 simpliciter
600 935 691 1000 verbo
716 933 940 999 »beobachten«
964 931 1048 998 reddi
1069 944 1179 1018 potest,
1239 922 1242 929 Α

166 1064 195 1116 et
217 1051 266 1116 itta
288 1055 492 1140 interpretatio
517 1051 615 1129 efficit,
640 1064 675 1116 ut
695 1052 860 1139 Imperator
874 1049 972 1116 verbis
992 1051 1067 1112 »καὶ
1083 1040 1181 1112 oddo·

165 1170 245 1257 μὶαν
266 1160 482 1253 ὖποστήσετατ
504 1165 618 1253 ζημίαν
638 1164 655 1230 ὅ
678 1165 822 1246 croyon«
846 1179 910 1231 acta
933 1189 1019 1254 agere
1034 1166 1180 1242 videatur,

166 1283 331 1348 Particulae
355 1287 409 1347 καὶ
421 1315 463 1328 -
476 1286 531 1345 καὶ
552 1286 644 1370 igitur
660 1304 749 1347 sensu
768 1281 877 1346 idoneo
894 1275 1064 1366 careant²³).
1093 1282 1183 1348 Prae·

166 1411 247 1462 terea
268 1399 431 1485 Imperator
452 1380 526 1462 voce
549 1395 710 1472 »ἐκεῖνοςι
733 1395 844 1484 ubique
871 1400 902 1460 in
924 1395 1049 1461 Novella
1070 1397 1109 1461 ad
1132 1397 1183 1461 de·

167 1514 281 1578 bitoros
305 1513 514 1601 significandos
537 1506 684 1595 utitur²⁴).
699 1525 737 1560 '-
763 1512 944 1578 Pronomine
967 1511 1128 1588 »exteros«
1145 1511 1184 1576 ad

170 1627 319 1694 debitores
342 1629 434 1694 relato
451 1643 480 1695 et
502 1630 625 1696 lectione
641 1624 817 1717 »κᾷττίνῳτ
833 1627 1026 1715 comprobata
1040 1629 1183 1716 periodus

170 1748 213 1809 sic
237 1744 438 1810 transferenda
461 1759 520 1810 est:

282 1861 387 1926 »Denn
417 1883 452 1926 so
475 1861 554 1926 wird
581 1861 700 1926 sowohl
723 1883 817 1949 gegen
836 1863 927 1948 jonen
950 1861 1002 1926 der
1025 1860 1185 1927 Charactcr

282 1975 335 2041 der
350 1975 539 2042 Convention
562 1977 713 2065 gewahrt,
738 1977 781 2042 als
804 1976 881 2042 auch
904 1976 957 2042 der
973 1975 1083 2065 Kldger
1103 1978 1185 2042 nicht

282 2092 457 2180 gesch'adigt
479 2092 635 2169 werden«,

173 2209 214 2273 ita
242 2219 276 2274 ut
299 2203 476 2294 »κᾷττίνῳι
500 2207 538 2272 ad
561 2206 734 2294 Subjectnm
763 2208 878 2294 periodi
909 2210 983 2271 »καὶ
1010 2208 1056 2284 εἰς
1083 2205 1185 2274 ἐκεῖνο

173 2321 365 2404 ἓνέχτσθατα
389 2323 533 2389 referatur
548 2335 578 2387 et
591 2322 777 2388 Justinianns
793 2322 830 2388 dc
848 2327 915 2411 ipso
930 2337 1089 2412 praecepto
1105 2339 1189 2390 ante·

174 2439 287 2505 cedenti
310 2443 352 2505 ita
374 2440 492 2506 locutus
515 2462 579 2505 esse
602 2441 772 2527 accipiatur.
807 2440 887 2506 idem
902 2463 973 2506 vero
997 2453 1187 2528 praeceptum

174 2555 273 2620 verbis
296 2559 371 2619 »καὶ
394 2557 525 2630 ἕκαστος
547 2555 704 2634 ἐνέξεται,
729 2550 834 2640 ὥσπερ
856 2555 894 2634 ἒξ
915 2549 1016 2645 ἀρχῆς
1032 2554 1188 2642 συνεγρά-

174 2683 285 2756 paco«
311 2683 412 2757 aperte
435 2673 546 2758 attigit,
577 2684 606 2736 ot
628 2676 698 2759 quia
720 2685 872 2759 praeterea
899 2676 1084 2738 enuntiatum
1114 2677 1188 2737 »καὶ

177 2784 368 2865 ..meroes
392 2789 435 2848 sic
457 2787 589 2872 ineptum
614 2785 748 2863 efficitur,
773 2808 855 2862 cum,
880 2788 905 2850 si
929 2799 958 2849 et
980 2807 1059 2850 unus
1085 2789 1114 2850 in
1139 2809 1189 2850 so·

175 2901 268 2966 lidum
291 2913 417 2977 tenetur,
441 2921 495 2987 per
512 2922 542 2964 se
565 2900 685 2988 liqueat,
709 2891 823 2965 nullnm
846 2903 939 2965 actori
962 2899 1100 2964 damnum
1117 2905 1189 2965 oriri

175 3039 275 3105 posse,
300 3039 361 3080 non
385 3013 565 3091 dubitamus,
590 3019 661 3103 quin
685 3016 770 3080 lectio
788 3011 983 3097 »κᾷντίνοτςτ
998 3015 1190 3102 pracferenda

177 3137 225 3198 sit.
273 3131 355 3214 Quae
386 3152 451 3196 oum
480 3131 518 3194 ad
547 3153 648 3196 omnes
677 3153 797 3196 corrcos
825 3135 984 3218 pertineat,
1017 3136 1087 3218 quia
1110 3130 1191 3197 Sub·

173 3249 295 3335 jectum,
317 3258 500 3335 postremum
518 3247 647 3325 allatum,
672 3251 757 3322 »τίςτ
774 3245 839 3325 tuit,
865 3269 898 3312 ea
913 3249 1037 3313 lectione
1053 3269 1191 3336 compro·

177 3363 248 3430 bata
275 3366 348 3429 vitia
375 3362 425 3427 ilia
452 3366 616 3441 evitantur,
652 3384 728 3451 quae
756 3376 842 3428 antea
870 3365 1127 3450 reprehendimus,
1162 3378 1192 3430 et

177 3480 364 3546 Justinianus
385 3479 423 3544 ad
440 3481 554 3558 omnia,
579 3501 655 3567 qnae
670 3479 826 3568 hucusque
842 3501 933 3566 quum
950 3479 986 3546 de
1001 3503 1062 3546 uno
1079 3482 1190 3568 aliquo,

178 3609 242 3661 tum
272 3596 308 3662 de
337 3593 476 3661 omnibus
505 3597 674 3673 constituit,
709 3599 855 3682 respicere
884 3597 1011 3662 videtur.
1058 3593 1108 3660 »Ὃ
1135 3595 1194 3661 τοῦ

232 3760 267 3830 ²¹)
291 3759 340 3815 etr.
365 3759 489 3814 Bedekind
514 3759 577 3830 §81
604 3768 628 3814 ct
648 3761 789 3831 scriptores,
817 3761 860 3832 qui
884 3760 949 3833 apud
972 3778 1028 3815 cum
1052 3759 1192 3833 allegantur.

180 3857 209 3912 dc
222 3858 361 3930 Vangcrow
378 3858 395 3912 l.
407 3857 423 3911 l.
442 3876 467 3929 p.
480 3857 514 3911 97
533 3857 681 3912 Dcdekindio
700 3859 810 3912 assensit

233 3955 268 4025 ²²)
289 3956 422 4010 Burchardi
433 3955 449 4009 l.
462 3954 478 4009 l.
490 3972 514 4026 p.
526 3955 568 4010 59.
587 3985 621 3996 -
639 3955 836 4024 ²³)1tedekintt.
849 3955 866 4010 i.
880 3987 913 3998 -
927 3955 961 4026 ²⁴)
973 3957 1007 4011 V.
1020 3971 1094 4028 snpra
1105 3974 1141 4011 nr.
1151 3956 1193 4013 111.

980 4051 1035 4109 10·
