2952 4556
641 289 802 410 *coj-

213 491 334 581 cipalem
350 506 380 559 et
395 493 586 560 accessorium
602 493 770 560 societatem
792 492 963 572 introducit,
988 493 1072 582 qnod
1094 498 1226 584 require·

212 622 303 687 retur,
328 613 353 675 si
374 608 517 676 beneficio
542 609 728 676 excussionis
751 611 899 674 contraria
915 611 978 674 visa
1000 624 1086 688 esset,
1111 613 1163 677 sed
1186 611 1225 678 ad

213 747 359 792 summum
375 749 409 792 ca
424 739 553 804 cavetur,
577 748 614 790 ne
628 723 798 811 fidejussor,
822 727 848 790 si
864 747 929 790 cum
951 726 1087 813 pluribus
1102 728 1224 794 eandem

213 840 355 909 debitoris
378 844 503 930 alicujus
526 844 686 931 partemin
704 840 791 906 fidem
814 863 898 906 suam
921 846 1072 931 receperit,
1097 842 1224 930 objicere

210 961 322 1045 possit,
351 982 408 1047 pro
432 981 466 1024 ca
489 971 627 1046 seperta
657 980 718 1022 non
746 961 778 1022 in
806 957 950 1036 solidum,
980 959 1032 1023 sed
1060 981 1116 1045 pro
1138 971 1223 1046 parte

209 1085 324 1140 tantum
346 1075 538 1162 fidejussisse.
573 1073 665 1140 Aliud
689 1095 810 1163 quoque
832 1086 887 1153 est,
911 1087 1009 1140 totum
1032 1072 1223 1162 obligationis

208 1189 414 1276 fidejussoriae
437 1191 569 1256 debitum
592 1191 623 1256 h.
640 1213 665 1256 e.
681 1194 712 1255 in
736 1189 864 1256 solidum
888 1190 1107 1278 adpromittere,
1130 1190 1220 1270 aliud,

209 1304 351 1372 beneficio
381 1310 565 1372 excussionis
597 1309 768 1372 renunciare
796 1308 827 1371 h.
844 1329 869 1371 e.
897 1311 1084 1394 promittere,
1113 1310 1223 1395 princi·

209 1420 315 1509 paliter
338 1420 559 1510 quodammodo
584 1443 615 1486 se
637 1421 711 1486 velle
734 1424 836 1486 teneri.

278 1535 329 1602 Sic
360 1535 552 1602 fundamento
588 1557 733 1602 concusso
768 1548 798 1601 et
829 1538 912 1622 ipsae
946 1534 1032 1601 aedes
1068 1551 1220 1606 corruunt.

211 1649 300 1735 Quod
339 1665 436 1718 autem
475 1651 513 1716 ad
546 1653 678 1742 singulas
712 1652 803 1738 hujus
837 1653 1088 1739 interpretationis
1122 1667 1221 1740 partes

209 1771 328 1846 attinet,
357 1771 502 1834 sententia
528 1769 579 1834 illa
605 1767 778 1835 intermedia
800 1790 861 1834 non
884 1768 981 1832 solum
1004 1768 1043 1833 ob
1066 1791 1115 1846 ea,
1146 1790 1222 1857 quae

209 1884 371 1963 attulimus,
395 1887 426 1950 in
449 1888 595 1974 integrum
619 1884 810 1963 restituenda,
834 1884 886 1950 sed
909 1888 994 1950 etiam
1015 1906 1140 1971 prorsus
1163 1886 1222 1950 tol·

208 1999 295 2066 leuda
323 2015 382 2080 cst,
419 2022 478 2088 qna
506 2001 684 2067 vocabulum
713 2003 823 2086 μέντοι
855 2003 935 2066 omni
968 2023 1057 2066 sensu
1086 2004 1221 2089 privetur

208 2129 238 2182 ct
260 2137 349 2205 quam
365 2116 536 2184 Accusativi
560 2140 626 2183 cum
644 2118 799 2184 lnfinitivis
823 2122 943 2184 omnino
968 2117 1135 2183 excludant.
1171 2117 1221 2184 Ad

207 2233 291 2321 quod
306 2233 426 2311 aceedit,
443 2233 526 2322 quod
541 2234 631 2322 hujus
648 2237 808 2300 sententiae
822 2231 1011 2299 intermediae
1024 2256 1113 2300 cansa
1125 2233 1220 2302 Dede·

206 2347 295 2428 kind,
319 2353 365 2415 uti
386 2343 598 2437 Vangerow¹⁷l
621 2363 698 2416 recte
721 2353 852 2429 notovit,
882 2350 972 2416 verba
995 2363 1078 2417 ’tum
1101 2351 1218 2417 solum«

206 2465 344 2553 supplere
368 2469 501 2555 cogitur,
524 2467 591 2532 licet
605 2470 672 2556 ipso
695 2470 726 2532 in
747 2480 833 2534 textu
849 2466 960 2534 Graeco
982 2467 1040 2532 tale
1064 2467 1136 2555 quid
1158 2490 1218 2533 non

206 2583 382 2648 inveniatur.
429 2582 525 2649 Porro
556 2597 661 2649 auctor
690 2597 847 2650 contentus
876 2607 938 2649 non
966 2596 1011 2650 cst
1037 2585 1099 2670 jam
1130 2583 1219 2650 semel

205 2694 402 2784 legislatorem
429 2696 508 2764 Nor.
531 2696 555 2764 4
581 2713 739 2787 praecepta
768 2697 979 2765 describentem
1014 2697 1132 2775 secisse,
1166 2698 1219 2764 sed

206 2813 311 2878 iterum
335 2826 424 2900 atque
446 2816 553 2882 iterum
576 2836 643 2879 eum
666 2813 818 2900 superflua
839 2817 1015 2900 garrientem
1038 2807 1217 2897 reddidit¹⁸).

274 2925 364 3010 Quod
387 2925 513 3015 denique
529 2927 702 2992 beneficium
716 2926 857 2992 Novellac
873 2931 985 3004 attinet,
1009 2930 1136 3014 primum
1153 2949 1218 2993 ver·

206 3040 277 3107 bum
301 3045 428 3128 φανείη,
452 3042 535 3130 quod
559 3042 596 3107 ad
618 3064 766 3107 summum
785 3063 966 3130 »apparere«
985 3041 1138 3130 significat,
1164 3045 1218 3108 im·

206 3161 310 3223 merito
335 3149 511 3222 »constare«
533 3159 694 3237 transtulit,
719 3171 807 3246 atque
830 3180 896 3222 cum
915 3157 1025 3243 judicis
1048 3179 1112 3223 esse
1132 3159 1218 3226 volu·

206 3277 275 3350 crit,
309 3287 343 3340 ut
370 3276 515 3362 inquirat,
548 3278 600 3362 qui
627 3275 772 3339 solvendo
801 3277 875 3352 sint,
906 3295 976 3339 sane
1004 3273 1127 3363 intelligi
1155 3298 1217 3342 non

204 3402 319 3478 potest,
350 3411 425 3479 quae
455 3391 611 3478 singularis
640 3391 704 3477 ejus
734 3393 815 3455 vocis
844 3393 889 3455 vis
913 3393 961 3455 sit.
1006 3389 1110 3478 Neque
1137 3393 1215 3470 ideo,

205 3504 288 3593 quod
309 3503 406 3591 judex
429 3527 546 3570 causam
569 3509 736 3570 examinare
760 3504 860 3583 debet,
890 3519 920 3570 ct
942 3511 1073 3572 omnium
1097 3529 1215 3573 reorum

204 3619 357 3687 facultates
390 3620 654 3700 examinabuntur,
684 3620 884 3709 accipiendum
914 3634 973 3700 est,
1008 3621 1215 3710 probationem

203 3759 264 3802 non
293 3760 311 3803 a
338 3736 474 3826 partibus
497 3738 594 3823 judici
620 3738 684 3804 fieri
714 3749 862 3826 oportere.
908 3737 1022 3804 Deinde
1049 3743 1216 3825 praesentia

259 3980 291 4050 ¹⁷)
314 3981 455 4058 Vangemrr
471 3981 518 4038 ll
536 4000 561 4056 p.
573 3981 617 4038 96.
629 3981 673 4039 97.
692 4011 727 4024 -
746 3981 779 4054 ¹⁸)
798 3981 848 4038 etr.
866 3991 918 4039 not.
930 3982 956 4039 4.
