2936 4554
32 4099 34 4182 l

600 337 760 440 „gao—

174 519 259 599 ccbit‚
283 523 307 585 si
324 540 426 587 vocem
442 517 695 606 προςομολογεΐν
709 519 930 606 stipulationem
946 518 1110 608 significare
1126 541 1188 585 non

173 659 273 725 neges,
296 659 391 725 neque
408 639 452 702 vis
467 635 611 702 Aduerbii
626 635 787 722 Participio
804 639 930 701 connexi
952 640 1103 702 immemor
1124 659 1188 701 esse

174 753 256 817 velis.
285 751 359 817 Nam
376 751 459 841 quoti
473 755 601 840 primum
615 750 757 818 Novellae
772 765 961 840 praeceptum
978 755 1090 829 attinet,
1114 751 1188 818 nihil

173 868 308 956 impedit,
330 873 490 959 quominus
513 868 545 934 id
568 862 771 952 subaudiat.

634 1047 653 1133 ἕ
669 1045 722 1115 33.

195 1181 246 1247 lV.
283 1180 475 1266 Quomodo
499 1181 676 1248 Julianus
699 1182 940 1271 Epitomator
968 1196 1002 1250 et
1031 1195 1166 1248 auctor

229 1297 414 1384 Vulgatae
443 1319 568 1363 vocem
598 1293 706 1363 »att
726 1294 979 1374 ὕπεύθννοςι
1007 1311 1137 1364 trans-

595 1413 768 1479 tulerint.

240 1564 262 1627 l.
296 1562 434 1630 Julianus
457 1561 550 1652 (Epit.
566 1563 644 1630 Nov.
662 1562 767 1631 Const.
781 1559 859 1646 92),
887 1585 975 1652 quem
997 1559 1136 1649 Biener¹)
1161 1587 1187 1630 a.

174 1676 250 1745 556.
268 1683 421 1768 scripsisse
439 1679 610 1760 arbitratur,
638 1679 791 1758 Nouellum
813 1693 946 1746 nostram
968 1681 1049 1746 hunc
1071 1684 1101 1745 in
1124 1703 1189 1746 mo-

174 1793 245 1860 tlum
269 1800 430 1885 excerpsit:

286 1912 340 1979 ’Si
365 1917 416 2001 qui
437 1915 485 1980 rei
498 1913 703 2001 promittendi
723 1914 843 1992 fuerint,
868 1927 902 1981 ut
925 1914 998 1979 alter
1019 1936 1075 2001 pro
1096 1914 1188 1979 altero

166 2057 170 2064 ·
286 2028 447 2115 fidejubeat
469 2044 498 2096 et
512 2033 646 2107 invicem,
671 2033 697 2096 si
713 2030 831 2118 quidem
856 2030 988 2096 additum
1012 2053 1074 2095 non
1090 2029 1187 2106 luerit,

285 2157 320 2210 ut
339 2149 547 2235 unusquisque
563 2169 601 2212 ex
617 2147 664 2212 his
685 2149 716 2210 in
734 2145 862 2212 solidum
878 2158 1023 2232 teneatur,
1046 2159 1119 2211 tunc
1132 2168 1188 2233 pro

284 2265 423 2348 portione
446 2284 501 2327 sua
524 2265 563 2327 sit
586 2262 745 2351 obligatus.
779 2261 833 2327 Sin
863 2275 960 2328 autem
984 2261 1117 2327 additum
1140 2265 1188 2340 sit,

285 2390 320 2443 ut
342 2379 449 2466 singuli
479 2381 511 2443 in
539 2377 667 2445 solidum
696 2391 866 2456 teneantur,
897 2381 923 2443 si
945 2377 1063 2466 quidem
1087 2399 1189 2443 omnes

285 2494 332 2559 vel
354 2494 474 2582 quidam
498 2516 536 2561 ex
558 2496 605 2560 his
626 2493 775 2562 'solvendo
800 2499 860 2560 sint
882 2508 912 2561 et
933 2507 1102 2582 praesentes
1126 2493 1190 2558 lue-

284 2613 369 2687 rint‚'
384 2613 416 2674 in
437 2614 520 2697 ipsos
544 2613 620 2677 actio
645 2623 802 2698 competat.
842 2609 926 2677 Onus
950 2623 1048 2676 autem
1071 2612 1189 2696 inopiae

279 2727 481 2811 promissoris
509 2726 554 2790 vel
587 2725 736 2791 absentiae
764 2738 934 2813 praesentes
965 2738 994 2790 et
1027 2726 1189 2813 locupletes

280 2841 487 2926 promissores
516 2843 691 2905 sustineant.
735 2839 880 2905 Jubemus
911 2852 1007 2904 autem
1039 2862 1105 2916 eos,
1137 2844 1188 2926 qui

285 2967 500 3042 praestosum,
525 2979 542 3020 a
564 2967 746 3042 competente
765 2953 866 3041 judice
889 2955 1034 3041 compelli,
1058 2977 1189 3018 commu-

286 3074 362 3136 niter
384 3073 483 3159 agenti
497 3071 673 3157 stipulatoai
694 3069 883 3158 respondere,
909 3083 943 3135 ut
964 3069 1005 3134 ibi
1028 3091 1189 3158 cognosca-

286 3200 350 3264 tur,
374 3189 400 3251 si
421 3187 583 3275 locupletes
607 3190 682 3264 sint,
707 3209 822 3264 aunon,
848 3199 881 3252 ut
902 3189 1095 3252 communiter
1118 3209 1189 3251 con·

285 3304 476 3380 damnentur,
511 3316 541 3368 et
569 3306 620 3391 qui
650 3303 794 3369 solvendo
824 3316 911 3382 sunt,
948 3326 1036 3368 onera
1071 3306 1188 3389 inopiae

286 3419 411 3486 aliorum
427 3422 601 3485 sustineant.
632 3418 747 3502 Quodsi
766 3418 863 3507 judex
884 3419 982 3485 aditus
998 3423 1188 3508 magistratus

286 3560 347 3604 non
365 3549 419 3616 est,
443 3557 497 3622 per
512 3549 725 3623 competentem
748 3539 951 3624 magistratum
968 3537 1025 3601 hoc
1040 3541 1188 3624 impetrat.

285 3654 365 3720 Haec
387 3666 485 3719 autem
508 3655 539 3718 in
562 3652 670 3718 suturis
694 3649 811 3718 casibus
835 3652 1013 3719 obtineant«

175 3821 383 3832 ---.-.-...-

229 3915 251 3984 8)
275 3916 324 3972 ctr.
344 3915 414 3988 535.
432 3925 483 3972 not.
496 3916 521 3972 3.
549 3915 697 3988 Ribbeutrop
715 3934 738 3987 p.
755 3916 813 3971 ll5.
832 3924 883 3971 not.
898 3916 939 3973 17.
987 3917 994 3931 ⁸

231 4015 252 4083 ¹)
275 4014 363 4070 Bienor
379 4015 396 4068 l.
408 4015 424 4068 l.
443 4033 467 4086 p.
480 4015 523 4069 75.

974 4109 993 4168 ll
