2952 4556
730 267 749 334 7

232 451 326 518 solius
353 451 434 516 vocis
457 451 509 514 »in
532 446 681 515 solidum·
710 467 786 524 usu,
816 467 854 512 au
882 447 946 513 aliis
975 443 1119 513 similibus
1146 444 1246 514 verbis

232 567 325 633 aliave
338 565 531 654 promittendi
551 567 674 642 ratione,
699 562 861 630 dummodo
878 564 1017 630 voluutas
1039 567 1168 653 partium
1183 567 1245 630 cvi·

231 682 333 750 denter
355 694 509 771 appareat,
538 681 599 747 duo
621 683 665 746 rei
686 692 765 747 reete
793 671 1067 762 constituantur¹¹),
1095 679 1175 746 unde
1199 701 1245 746 se-

231 802 333 887 qnitur
355 800 442 865 etiam
464 795 585 876 Diuum,
608 794 753 863 iacobum
777 795 814 861 dc
835 793 936 862 Arena
959 807 1026 862 cett.
1050 799 1081 862 iu
1103 798 1243 864 universo

230 916 401 1002 opinionem
424 935 607 980 communem
630 935 714 980 suam
733 912 845 979 iecisse.
874 910 949 978 Nam
971 905 1121 1001 postcom)
1145 925 1245 979 osten·

230 1029 318 1098 detur
332 1051 393 1108 eos,
418 1034 470 1120 qui
484 1033 613 1119 primum
627 1029 768 1097 Novellae
781 1041 971 1118 praeceptum
986 1041 1084 1094 retum
1104 1028 1243 1106 habeant,

229 1149 317 1212 etiam
334 1145 496 1213 seeundum
514 1160 703 1235 praeceptum
720 1167 879 1236 agnoscere
896 1143 1011 1212 debere.
1032 1183 1068 1194 -
1087 1142 1243 1209 Alberieus

229 1261 266 1328 de
288 1263 427 1328 Rosciate
455 1285 543 1340 vere,
573 1265 625 1350 qui
647 1260 770 1328 Bartolo
795 1262 925 1351 aequalis
948 1260 1020 1340 luit,
1040 1262 1102 1348 jam
1125 1263 1157 1326 in
1179 1260 1243 1347 ejus

229 1381 400 1466 opinionem
424 1377 590 1445 divertitur.
619 1413 655 1426 -

296 1491 338 1558 Ut
358 1495 451 1580 igitur
474 1496 576 1579 opinio
599 1492 764 1557 communis
790 1491 860 1556 inde
888 1514 906 1557 a
927 1492 1089 1558 iustiniani
1111 1504 1243 1580 tempore

231 1610 374 1694 originem
401 1608 508 1684 trahit,
538 1611 579 1673 ita
601 1627 722 1693 quoque
751 1617 881 1682 constat,
912 1619 979 1670 ante
1008 1605 1163 1672 Bartolom
1190 1627 1244 1672 nec

229 1743 407 1810 quemquam
420 1719 626 1788 Giossatorum
638 1735 668 1787 ct
679 1719 953 1787 commentatorum
966 1720 1003 1786 ab
1020 1743 1053 1786 ea
1069 1720 1243 1786 dissensisse

229 1840 319 1904 immo
341 1859 413 1903 vero
436 1859 554 1916 omnes,
585 1858 714 1926 quornm
743 1839 903 1904 sententiae
932 1849 1065 1914 exstant,
1095 1839 1126 1902 iu
1153 1857 1242 1901 uuam

228 1953 410 2041 eandemque
425 1957 596 2042 opinionem
619 1956 802 2019 convenisse.
831 1951 911 2032 ldeo,
936 1953 1021 2041 quod
1036 1954 1152 2020 saecula
1167 1974 1242 2042 quae

226 2069 357 2136 breviter
384 2071 433 2135 hic
459 2069 706 2157 perlustravimus
732 2071 850 2146 attinet,
880 2091 914 2136 ea
937 2072 1039 2158 opinio
1068 2071 1174 2136 merito
1197 2068 1242 2133 di·

227 2189 305 2253 citur
319 2189 494 2252 communis.
524 2183 627 2273 Neque
645 2188 822 2252 recentiores
838 2184 958 2274 quidam
982 2190 1142 2274 scriptores
1159 2186 1242 2272 juste

227 2301 382 2388 perhibere
410 2301 564 2380 ridentur,
594 2299 802 2368 Giossatorum
836 2305 991 2391 opiniones
1025 2300 1107 2367 haud
1141 2304 1240 2391 magni

226 2418 367 2484 momenti
389 2439 469 2496 csse,
499 2420 569 2505 quia
592 2417 724 2484 diversas
748 2416 784 2484 dc
813 2430 916 2484 nostra
939 2420 1151 2484 constitutione
1174 2440 1241 2486 scn-

226 2536 333 2600 teutias
355 2525 528 2615 tulerint⁸⁸)‚
552 2546 605 2599 aut
622 2535 693 2600 alias
716 2555 783 2600 cum
806 2546 910 2600 nostra
924 2536 1113 2621 quaestiones
1136 2533 1241 2601 conlu-

226 2641 374 2732 deriut⁸⁴).
419 2649 538 2715 Primus
560 2649 701 2716 Bartolus
730 2649 767 2715 ab
794 2653 935 2739 opinione
963 2653 1112 2716 communi
1136 2648 1241 2716 deiecit

226 2764 327 2852 glossa
349 2764 493 2852 wadum,
520 2787 608 2853 quam
631 2767 705 2832 male
727 2766 880 2843 intellexit,
910 2778 938 2831 et
959 2765 1150 2852 fidejussione
1174 2788 1240 2832 cor·

207 2902 344 2947 *reorum
374 2881 485 2947 alterna
512 2881 667 2959 inductus,
703 2903 792 2970 wem
820 2885 1056 2971 interpretationi
1088 2903 1159 2948 suae
1187 2904 1240 2948 ex·

226 2995 384 3062 struendae
406 2996 630 3063 fundamentum
648 2989 772 3083 jecit¹⁶).

277 3257 313 3327 ⁸²)
336 3258 385 3324 Qui
403 3259 531 3331 scriptores
549 3277 563 3313 a
580 3259 681 3316 dirersis
704 3261 781 3334 hujus
797 3259 846 3316 litis
864 3260 972 3333 partibus
991 3262 1112 3328 suterint,
1135 3262 1237 3338 longum

224 3363 261 3410 cst
279 3364 303 3410 et
320 3355 473 3429 superdeum
491 3358 635 3425 describere,
660 3377 715 3413 cum
734 3367 758 3415 et
775 3376 818 3431 pcr
840 3377 866 3414 se
889 3357 980 3415 nullius
1004 3362 1121 3416 momenti
1144 3363 1189 3429 sit,
1213 3371 1237 3418 et

224 3455 305 3509 etaim
319 3462 374 3528 post
385 3454 513 3511 Bartolum
524 3473 599 3529 paens
612 3455 750 3526 exoleverit,
763 3473 913 3530 quamquam
924 3459 995 3532 pauci
1006 3457 1116 3516 nonnulli
1127 3460 1235 3518 dotioms

224 3554 295 3607 etiam
314 3561 398 3624 postca
415 3553 476 3608 hanc
494 3557 660 3626 quaestionem
679 3556 759 3612 denuo
777 3558 949 3613 instaurarunt.

276 3648 312 3719 ⁸²)
337 3650 386 3707 cu.
405 3651 420 3722 5
434 3651 475 3706 16.
487 3650 530 3706 30.
543 3649 578 3708 33
592 3654 670 3724 juret.
688 3654 703 3726 ξ
718 3656 758 3710 10.
773 3655 814 3722 14,
826 3654 868 3710 111.

276 3746 311 3816 ⁸⁸)
333 3747 363 3803 9.
374 3749 499 3804 Asvcrusa
518 3750 587 3823 Sper.
599 3752 680 3827 inaug.
692 3753 723 3808 ad
734 3753 798 3809 Nor.
811 3751 854 3809 99.
871 3753 947 3810 denae
961 3751 1037 3812 1822.
1055 3771 1079 3826 p.
1092 3755 1109 3810 7
1121 3772 1176 3828 sqq.

275 3844 311 3914 84)
333 3845 459 3902 Iisdelrind
477 3845 546 3918 576.

276 3942 310 4013 11)
332 3943 365 4000 V.
384 3962 458 4017 supra
475 3952 535 4002 nott
549 3945 590 4003 19.
603 3945 645 4002 20.
