2952 4556
759 317 780 382 2

690 403 850 413 —-.....-.-

263 493 383 559 locutus
411 505 471 572 est,
500 514 589 582 quam
616 491 790 560 beneficium
818 496 861 559 ita
883 492 1054 582 descripsit,
1084 508 1119 562 nt
1146 518 1213 563 enm
1241 497 1277 564 de

263 607 406 676 beneficio
430 607 586 675 divisionis
609 612 756 697 cogitasse
778 613 850 677 satis
873 624 1023 698 appareat.

331 725 547 792 Testimonium
581 738 715 814 temporo
746 729 917 814 proximum
946 727 1027 794 Petri
1056 727 1276 816 »Exceptiones

262 840 375 928 Legum
397 839 623 907 Romanorum«
649 863 706 928 pro
730 845 871 930 opinione
893 843 957 921 illa,
986 865 1062 931 qnae
1084 857 1189 932 postea
1210 845 1277 910 vul·

262 959 342 1043 garis
365 953 441 1020 sacta
463 968 517 1034 est,
541 955 638 1021 afferri
659 970 798 1044 possunt.
838 956 913 1023 Nam
936 959 1020 1047 quod
1034 959 1202 1027 Fridericus
1218 959 1276 1026 Ca·

262 1071 346 1136 relus
370 1070 406 1136 dc
428 1068 564 1160 savigny
585 1072 758 1160 generaliter
780 1073 932 1161 porhibuit
948 1075 1187 1164 »Exceptiones«
1204 1075 1276 1164 Epi·

262 1198 360 1252 tomae
382 1186 492 1251 iuliani
514 1187 600 1275 plane
624 1209 802 1276 congruere,
826 1189 867 1266 id,
893 1190 976 1278 quod
998 1189 1076 1255 Nov.
1095 1189 1138 1258 99
1162 1194 1274 1268 attinet,

262 1323 318 1390 ego
342 1323 463 1389 quoque
484 1325 660 1390 persuasum
682 1305 755 1370 mibi
777 1303 874 1370 babeo
898 1327 1000 1371 verum
1023 1328 1103 1385 esse;
1129 1328 1274 1394 quaeres

262 1417 361 1483 verbis
376 1421 506 1483 aucturis
529 1422 669 1506 inspectis
684 1423 765 1486 omni
781 1419 966 1488 dubitatione
989 1435 1077 1500 caret,
1101 1425 1214 1487 etiamsi
1230 1443 1273 1498 ea,

261 1537 391 1622 quaein
412 1535 470 1600 fine
494 1534 595 1600 addita
617 1547 702 1614 sunt,
731 1535 889 1602 aduliano
913 1529 1121 1626 discrepant').
1161 1535 1275 1602 Contra

261 1663 366 1717 auctor
392 1645 602 1741 Brachylugi⁴)
630 1674 723 1741 paene
752 1652 870 1730 iisdem,
901 1653 1011 1742 quibus
1033 1653 1171 1720 Julianus
1199 1674 1273 1718 usus

260 1780 316 1847 est,
338 1766 438 1833 verbis
461 1766 713 1834 Constitutionem
735 1780 868 1833 nostram
892 1773 1048 1835 memoriae
1070 1768 1203 1835 tradidit.

329 1883 419 1966 Quod
434 1882 472 1948 ad
485 1884 638 1960 Irncrium,
653 1882 860 1948 Glossatorum
874 1885 1048 1970 principem,
1065 1887 1202 1971 pertinet,
1218 1881 1274 1950 Sa·

260 1994 383 2086 vigny⁶)
399 1999 499 2063 moitis
514 1997 682 2064 rationibus
697 1997 836 2062 inductus
852 2010 914 2074 est,
935 2011 971 2063 ut
986 2019 1052 2064 eum
1062 1999 1125 2084 jam
1139 1998 1275 2086 Brachy-

259 2115 322 2202 logi
350 2127 500 2179 auctorem
527 2113 620 2180 fuisse
642 2115 832 2179 existimaret.
870 2112 970 2200 Major
992 2126 1089 2180 autem
1114 2118 1273 2181 necessitas

259 2231 380 2298 videtur
393 2253 449 2297 nos
470 2230 627 2319 impellere,
650 2244 786 2318 utquam
808 2228 1000 2316 plurimarum
1016 2228 1272 2309 Anthenticarum‚

261 2369 335 2436 quas
359 2346 463 2414 Codici
477 2345 663 2413 iustinianeo
687 2350 812 2412 insertas
834 2344 988 2424 habemus,
1013 2358 1163 2412 auctorem
1186 2350 1273 2413 novi·

314 2513 337 2583 Ι)
359 2513 393 2569 V.
412 2513 532 2586 savigny:
557 2511 696 2567 (iesobiabte
714 2511 738 2566 d.
751 2511 823 2566 Riim.
836 2510 925 2566 Rechts
948 2511 982 2565 im
1000 2509 1143 2566 Mittelaltcr.
1168 2513 1191 2567 1.
1203 2511 1271 2566 And.

260 2613 306 2668 Ed.
319 2611 344 2666 2.
363 2628 387 2683 p.
399 2609 465 2666 3282
488 2609 534 2664 ·si
552 2609 601 2663 duo
620 2608 659 2664 vel
675 2609 757 2681 plures
776 2608 850 2664 simul
866 2609 992 2680 pecuniam
1013 2611 1170 2680 promittunt,
1192 2627 1272 2664 unus·

260 2713 366 2783 quisque
383 2725 469 2763 eorum
486 2725 531 2779 pro
550 2724 595 2761 sua
611 2708 722 2779 portione
739 2715 862 2773 teneatur,
886 2709 933 2762 nisi
956 2707 1089 2779 specialiter
1110 2715 1135 2763 ct
1158 2725 1272 2780 expresse

260 2809 351 2863 diruam
370 2809 409 2872 sit,
427 2814 456 2860 ut
474 2803 512 2860 vel
530 2805 632 2860 creditor
650 2823 663 2859 a
682 2821 839 2877 utrocumque
857 2803 917 2871 vult,
937 2803 1043 2860 solidum
1061 2815 1133 2878 petat,
1152 2805 1191 2860 vel
1204 2805 1272 2876 qnod

218 2905 225 2918 '
259 2907 367 2961 vicissim
389 2903 448 2960 alter
470 2921 514 2975 pro
538 2901 613 2958 altero
635 2901 765 2975 fidejussor
782 2904 872 2958 existat
889 2902 983 2974 (sonat.
996 2902 1063 2973 92).·
1095 2903 1145 2960 cfr.
1163 2903 1272 2976 savigny
1308 2891 1311 2896 ¹

258 3004 275 3058 l.
287 3003 303 3058 l.
321 3021 345 3076 p.
360 3002 418 3059 136.
435 3020 460 3075 p.
475 3000 525 3057 143
537 3019 591 3074 sqq.

312 3102 334 3170 ⁴)
359 3101 455 3173 Corpus
472 3101 566 3174 Legum
584 3117 627 3172 per
644 3099 746 3153 modum
765 3097 871 3152 institut
890 3098 919 3154 ab
938 3099 1028 3153 incerto
1047 3108 1143 3154 auctore
1160 3100 1186 3153 in
1203 3117 1270 3154 com·

258 3198 374 3272 pendium
390 3198 515 3253 redactum
538 3198 574 3266 (in
596 3197 703 3250 institut
722 3196 786 3267 apud
805 3195 965 3251 Sennetonios
986 3197 1271 3270 intres.bugd.1549)

259 3298 310 3353 Tit.
327 3295 353 3350 J.
371 3295 401 3349 dc
418 3293 476 3348 duo.
494 3311 515 3347 r.
534 3311 596 3348 vers.
631 3295 680 3348 Pro
698 3293 737 3346 his
755 3301 851 3360 autem,
874 3312 888 3347 a
907 3295 996 3366 quibas
1015 3293 1161 3366 stipulamur
1178 3295 1212 3366 (p.
1225 3293 1271 3363 20)

258 3392 345 3466 ‚quod
362 3393 383 3446 ai
400 3391 446 3445 hoc
464 3390 507 3461 (so.
525 3399 555 3445 ut
572 3393 743 3462 unusquisque
761 3390 786 3445 in
804 3389 910 3446 solidum
924 3391 1044 3462 tencatur)
1063 3409 1208 3465 expressum
1226 3393 1278 3458 est,'

258 3491 283 3545 in
301 3497 447 3563 praesentes,
466 3489 510 3560 qui
527 3487 644 3544 solvendo
656 3497 722 3554 sunt,
740 3490 764 3542 iu
776 3485 883 3544 solidum
895 3492 956 3545 actio
968 3491 1090 3562 competit.
1117 3490 1195 3546 Onera
1207 3491 1271 3544 enim

259 3590 406 3661 praesentiae
423 3585 463 3640 vel
479 3587 600 3643 absentiae
617 3594 754 3658 praesentes
773 3593 797 3642 et
807 3585 939 3660 locupletes
956 3590 982 3644 in
1000 3587 1073 3643 simul
1091 3590 1210 3644 sustinere
1228 3588 1271 3642 de·

258 3687 323 3742 bont
359 3684 588 3756 adinquirendum
607 3703 677 3751 vero,
697 3686 740 3756 qui
758 3693 815 3739 sunt
832 3683 976 3757 locupletes,
994 3705 1076 3754 neone,
1096 3687 1174 3760 agenti
1191 3687 1270 3758 stipu-

258 3785 329 3839 latori
346 3790 401 3838 ante
415 3783 522 3855 judicem
544 3801 629 3838 omnes
652 3791 789 3854 praesentes
813 3782 924 3840 exbibete
942 3803 969 3841 sc
987 3785 1093 3841 debent«
1128 3785 1161 3840 V.
1179 3781 1272 3839 iuliani

258 3883 323 3954 lipit.
340 3881 356 3936 l.
368 3881 384 3936 Ι.
403 3880 465 3935 infra
484 3879 546 3951 §33
563 3889 588 3936 et
606 3880 715 3955 savigny
732 3882 775 3938 bl.
793 3901 817 3956 p.
830 3881 884 3940 238
895 3901 949 3956 sqq.

312 3979 334 4049 ⁵)
359 3979 468 4054 Savigny
485 3980 528 4035 bl.
