2936 4554
770 323 833 393 146

290 501 396 584 habet,
425 501 530 570 salsum
554 517 613 583 est,
637 507 663 570 si
687 507 784 570 versio
809 525 843 570 ea
865 504 924 570 hoe
950 525 1041 570 sensu
1063 501 1221 592 fungatur:
1247 526 1304 570 »so

291 622 348 688 soli
375 620 508 710 gehasset
535 601 692 698 wer-dem,
722 641 789 686 cum
815 619 972 686 Pessivum
999 618 1173 701 ἐνέχεσθαι
1195 620 1304 686 Activo

291 735 431 802 »hostem
447 749 602 824 congruat
631 735 801 802 Translrtio
816 735 1012 824 Hombergkii
1029 739 1081 802 »in
1095 736 1170 802 illud
1184 750 1305 802 oenean·
1324 801 1329 812 ,

291 865 361 919 tur«
385 851 522 928 declarat,
547 850 722 940 Subjeeturn
745 852 827 917 »itti«
851 851 889 916 ab
912 875 948 918 eo
964 854 1113 942 suppleri;
1137 852 1189 918 sod
1208 874 1305 941 noque

291 969 447 1056 »reliquie
472 989 600 1055 quorum
621 971 652 1032 in
667 971 876 1056 propositione
898 971 1008 1034 mentio
1030 966 1108 1034 faeta
1130 981 1183 1046 est,
1208 990 1305 1057 neque

291 1105 434 1150 »omnes«
458 1086 488 1149 in
511 1082 557 1160 id,
586 1081 669 1171 quod
692 1082 729 1148 ab
753 1084 858 1149 »eliis«
882 1078 987 1168 (παρὰ
1008 1083 1073 1150 τῶν
1094 1079 1219 1166 ἄλλων)
1242 1106 1303 1149 non

291 1211 435 1278 servetur,
459 1212 589 1287 possunt
602 1202 705 1264 teneri.
734 1198 907 1265 Rectissime
922 1213 1020 1266 autem
1034 1199 1205 1268 Helorndor
1219 1199 1304 1266 dicit:

291 1317 343 1380 »in
366 1315 440 1380 iilud
462 1326 579 1381 tenetor
594 1313 782 1394 obnoxius«,
808 1318 984 1382 »suanos«
1007 1321 1099 1406 igitur
1116 1331 1170 1382 aut
1191 1318 1304 1382 »vivon

291 1429 524 1520 subintelligens.
570 1431 677 1498 Potest
704 1429 1175 1519 enim-iao610918ubjectum
1202 1435 1306 1497 existi-

291 1549 379 1624 mari,
408 1549 479 1635 quia
500 1547 664 1635 Imperator
686 1551 717 1612 in
744 1551 952 1638 propositione
981 1548 1017 1615 de
1044 1549 1225 1637 reliquorum
1251 1547 1306 1612 ab·

291 1667 386 1729 sentia
413 1665 553 1751 inopiavo
580 1666 656 1751 agit,
691 1663 838 1752 »reliqui«
866 1677 964 1730 autem
993 1667 1025 1730 in
1052 1667 1138 1730 initio
1167 1666 1306 1752 principii

291 1799 355 1866 cap.
370 1779 392 1844 l.
416 1782 631 1868 »unicuique«,
656 1801 743 1867 quom
767 1779 902 1859 sortasse,
928 1785 985 1846 nisi
1001 1780 1124 1846 Novella
1141 1781 1200 1845 late
1216 1791 1303 1855 osset,

291 1893 421 1960 creditor
447 1899 478 1960 io
506 1895 634 1961 solidum
665 1907 824 1961 exacturus
853 1894 959 1963 inisset
987 1894 1049 1978 (de.
1071 1889 1179 1962 otest.
1203 1889 1307 1960 ἅπαι-

290 2009 450 2092 osteum),
473 2024 683 2099 opponuntur,
708 2025 797 2100 atque
821 2012 968 2101 »reliqui«
992 2013 1038 2078 vel
1062 2034 1202 2078 somnes·
1224 2009 1306 2076 Sub·

286 2128 365 2213 jecta
394 2127 600 2215 dispositionis
626 2149 690 2193 osse
713 2141 874 2216 nequeunt.
921 2128 1035 2194 Tamen
1057 2132 1083 2194 si
1105 2128 1157 2206 L·‚
1182 2126 1238 2204 T·,
1263 2124 1305 2192 S·

290 2243 391 2330 piures
414 2245 456 2309 rei
473 2243 665 2330 promittendi
683 2248 752 2323 sint,
777 2258 807 2311 et
820 2245 869 2311 L¹¹²
884 2257 914 2310 et
929 2245 981 2310 T¹1¹
996 2243 1142 2310 solvendo
1163 2265 1225 2307 non
1240 2265 1306 2310 esse

291 2371 441 2446 appareat,
466 2358 619 2446 quomodo
644 2362 811 2447 »quisque«
827 2363 859 2425 in
872 2360 904 2426 id
919 2372 1045 2438 tenetur,
1070 2358 1153 2449 quod
1169 2381 1185 2423 a
1201 2361 1305 2424 ceteris

291 2476 382 2559 recipi
405 2495 466 2537 non
488 2473 612 2559 potest?
632 2474 724 2538 Immo
749 2496 819 2539 vero
844 2474 894 2553 δ’,
920 2479 971 2563 qui
995 2474 1140 2540 solvendo
1163 2487 1223 2552 est,
1246 2495 1304 2562 pro

291 2587 331 2651 L⁰
343 2587 422 2652 οῑΤο
435 2585 593 2653 tenebitur.
619 2587 816 2671 Quamobrem
833 2612 889 2678 pro
903 2590 1136 2656 demonstrativo
1152 2587 1306 2670 (ἕκαστος,

287 2698 384 2788 jeder)
399 2702 576 2768 Pronomeo
590 2704 786 2796 indefinitum
800 2700 873 2788 (τίς,
895 2707 945 2771 ee'o
955 2698 1179 2789 Eiozeloer)¹⁹)
1194 2708 1305 2770 rectius

291 2817 457 2897 adhibetur,
487 2842 582 2909 neque
603 2819 727 2887 verbum
750 2820 887 2908 aliquod,
917 2822 1000 2908 quod
1023 2821 1196 2908 Subjeetum
1219 2819 1305 2884 adhi-

290 2933 354 3001 beri
382 2938 494 3023 possit,
524 2939 591 3024 ipso
615 2937 795 3003 Pronomine
823 2936 977 3003 indefinito
1003 2941 1130 3025 propius
1152 2949 1198 3002 est
1226 2937 1303 3000 loco.

289 3050 385 3116 Paulo
416 3064 503 3117 antea
532 3055 624 3129 enim,
655 3074 720 3118 cum
749 3053 880 3140 reliquos
910 3053 1054 3118 solvendo
1084 3065 1113 3118 et
1135 3064 1304 3140 praesentes

291 3187 356 3232 esse
378 3179 511 3254 poneret,
535 3167 698 3255 imperator
727 3163 790 3253 apd
812 3164 861 3264 rt·
874 3172 984 3234 xotvov
1006 3170 1099 3255 χρέος
1115 3165 1202 3234 ἴδιόν
1219 3188 1304 3240 τινος

289 3282 432 3361 γινέσθω
454 3279 576 3366 βάροςιι
599 3284 731 3369 scripsit3
751 3285 813 3369 jam
828 3306 911 3362 vero,
934 3284 987 3350 ubi
1011 3306 1063 3350 eos
1086 3305 1232 3371 pauperes
1252 3293 1306 3347 ant

291 3395 427 3462 absentes
451 3417 514 3463 esse
537 3400 651 3486 accipit,
675 3399 760 3475 »cic«
777 3397 951 3486 Subjeeturn
966 3403 1007 3466 sit
1020 3421 1139 3466 neeesse
1154 3411 1208 3464 est.
1238 3397 1306 3462 Hoc

290 3513 383 3598 igitur
398 3509 570 3597 Subjeetum
586 3526 645 3578 um
668 3536 757 3580 sensu
779 3519 950 3604 requiritur,
975 3537 1063 3602 quam
1086 3516 1164 3592 loto,
1187 3515 1219 3577 in
1242 3533 1305 3599 quo

289 3626 407 3714 legitur,
433 3627 661 3708 demonstratur,
685 3653 738 3697 nee
760 3653 822 3696 uon
844 3654 898 3718 per
920 3653 951 3696 se
968 3643 1071 3719 potest
1093 3621 1305 3705 subaudiri²⁰).

357 3741 396 3808 V.
420 3741 521 3809 οὕτω
543 3739 619 3828 γὰρ
643 3741 846 3827 κᾷκεένοις
868 3743 1183 3832 φυλαχθήσεται
1203 3741 1307 3810 deod

323 3855 510 3946 oppoo'vov
538 3859 695 3946 τρόπος.
724 3895 767 3908 -
798 3860 924 3929 Codices
947 3874 1000 3929 aut
1024 3857 1222 3944 »κᾷκεένοιςι
1252 3872 1308 3926 aut

347 4014 379 4083 ¹⁹)
401 4015 466 4086 Papo
483 4014 500 4069 l.
512 4015 529 4070 1.
548 4034 568 4070 s.
581 4015 606 4070 h.
619 4035 644 4071 v.
670 4047 704 4058 -
733 4017 766 4086 ²⁰)
791 4019 903 4092 Krueger
919 4015 935 4070 l.
948 4016 965 4072 Ι.
983 4016 1054 4089 561.
1073 4018 1099 4074 4.
1111 4019 1144 4074 A.
1158 4019 1183 4073 5.
