2952 4556
617 333 777 432 ‚er-

190 517 242 580 ain
268 514 416 608 solidum«
445 525 626 579 autemnon
650 511 823 598 adjecerint,
853 515 920 600 ipso
938 513 1007 598 jure
1028 534 1085 601 pro
1107 525 1201 601 parte,

190 634 237 696 ain
265 652 336 695 vero
367 652 430 695 earn
460 629 641 706 addiderint,
678 640 741 693 turn
769 639 884 694 tanturn
914 650 970 716 pro
998 642 1083 717 parte
1109 631 1202 694 teneri

190 743 331 822 debeant,
362 749 388 810 si
417 767 518 811 omnes
548 756 716 832 praesentes
744 757 774 810 et
796 742 940 809 solvendo
964 747 1030 810 sint
1070 743 1202 832 Quisque

190 864 266 928 enim
285 861 453 947 fidejussor,
476 863 534 926 nisi
549 860 631 926 aliud
652 862 730 925 inter
750 872 850 947 partes
866 863 1045 938 convenerit,
1068 863 1099 925 in
1114 859 1201 937 idern,

189 979 273 1065 quod
295 1001 365 1044 reus
386 977 557 1067 principalis
581 975 677 1054 debet,
701 976 732 1040 h.
749 996 774 1040 e.
798 977 830 1040 in
851 974 979 1041 solidum
999 987 1125 1053 tenetur,
1149 975 1203 1040 sed

190 1091 331 1160 beneficio
356 1095 511 1160 divisionis
529 1093 631 1179 juvari
651 1095 769 1180 poterit,
794 1094 820 1156 si
836 1090 1020 1157 conditiones
1036 1091 1099 1177 ejus
1114 1090 1204 1157 benc·

188 1209 248 1276 ficii
270 1210 379 1276 adsint.
419 1207 617 1293 Quamobrem
640 1210 731 1295 igitur
753 1210 785 1272 in
802 1206 930 1273 solidurn
945 1211 1038 1272 teneri
1053 1205 1202 1286 desinunt,

191 1328 217 1390 si
238 1338 341 1390 mutua
363 1325 516 1412 fidejussio
535 1317 710 1407 accessit²ii
733 1335 763 1386 ct
779 1322 969 1410 quamobrem
985 1322 1103 1388 fortiori
1117 1345 1204 1412 prae·

190 1439 268 1505 sidio
291 1444 312 1505 ii
335 1444 428 1528 tnagis
452 1441 534 1528 digni
556 1432 668 1520 sunt⁸),
693 1442 744 1524 qui
767 1437 902 1526 duplicis}
928 1461 1016 1526 quam
1038 1443 1091 1527 qui
1112 1442 1203 1505 unius

192 1553 381 1642 obligationis
404 1553 523 1619 vinculo
547 1552 686 1618 creditori
710 1552 845 1618 obstricti
869 1553 961 1618 sunti

258 1670 392 1757 Denique
421 1669 594 1734 Franciseus
618 1667 782 1734 Baiduinus
812 1691 912 1734 veram
941 1671 1023 1735 vocis
1053 1664 1126 1734 dii.
1147 1660 1204 1735 circ.

190 1788 343 1852 notionem
365 1808 427 1851 non
450 1785 603 1851 intellexit.
642 1782 717 1850 Narn
738 1780 963 1870 α’λληλεγγύως
978 1781 1161 1850 ὑπεύθυνοι
1175 1797 1204 1852 et

191 1892 400 1986 ἅλληλέγγυοι
421 1901 509 1966 iidem
533 1901 680 1968 debitores
704 1922 768 1966 esse
784 1922 846 1966 nou
861 1901 1007 1979 videntur,
1031 1904 1203 1989 praesertim

191 2040 257 2083 cunr
280 2038 358 2105 quos
381 2020 466 2082 initio
490 2013 563 2080 ott.
578 2013 632 2082 brt.
654 2018 818 2104 imperator
839 2017 1007 2104 appellavit,
1031 2040 1083 2083 eos
1098 2030 1204 2106 postea

190 2131 322 2215 ἐνόχους
345 2128 602 2218 (ια’λληλεγγύως
617 2131 803 2209 δανεισθὲν,
826 2136 862 2214 ἐξ
881 2125 981 2218 οὗπερ
997 2131 1081 2208 ὅλως
1097 2131 1204 2216 ἔνοχοι

190 2250 357 2332 γεγόνασιι
375 2283 415 2293 -
432 2247 572 2324 »πάντες
594 2245 626 2314 ei
648 2245 791 2332 ἔνοχον)
815 2252 984 2326 nominarit,
1009 2248 1091 2337 quod
1114 2271 1204 2315 voca·

189 2364 293 2431 bulum
327 2366 365 2431 ad
400 2365 590 2452 fidejussores
624 2367 688 2430 vice
721 2377 826 2431 mutua
853 2366 1061 2452 fidejussores,
1094 2378 1130 2431 ut
1162 2369 1204 2432 ita

191 2481 294 2559 dicam,
310 2485 452 2570 »proprie
466 2485 632 2570 pertinere«
647 2503 709 2547 non
724 2485 867 2568 potuerit.
891 2481 975 2548 Unde
990 2502 1083 2569 porro
1100 2494 1204 2547 auctor

191 2598 377 2674 concluserit,
402 2594 679 2684 ιάλληλεγγύουςι
708 2600 794 2662 etiarn
822 2599 1022 2685 principaliter
1045 2619 1060 2661 e
1082 2597 1205 2684 fidejus·

191 2715 274 2778 aione
303 2713 452 2801 obligatos
481 2737 560 2790 esse,
595 2735 691 2800 neque
720 2735 736 2778 e
764 2712 879 2792 verbis,
915 2735 1011 2801 neque
1039 2736 1054 2780 e
1081 2715 1204 2780 materia

189 2827 331 2894 Novellae
352 2831 491 2896 universa
514 2829 800 2917 comprehendimus.

654 3004 739 3090 §12

392 3139 426 3203 il.
463 3136 599 3226 Opinio
622 3138 777 3203 Donelli
799 3137 1002 3203 refutatur.

257 3289 458 3377 Descriptioni
487 3301 606 3355 nostrae
635 3311 727 3378 supra
755 3283 936 3378 susceptae¹)
966 3311 1031 3354 curn
1054 3287 1128 3354 nihil
1151 3288 1204 3354 ad·

185 3404 349 3490 jiciendum
372 3408 425 3483 sit,
449 3408 548 3470 statim
572 3428 606 3470 ea
629 3405 797 3484 afferemus,
826 3409 954 3494 quaein
977 3406 1118 3494 opinione
1139 3404 1204 3470 Do·

189 3520 316 3586 nelliano
339 3524 555 3609 vituperatione
578 3521 669 3609 digna
691 3544 754 3587 esse
776 3523 924 3587 videntur.

216 3663 218 3668 ¹
259 3633 348 3718 Quod
371 3639 499 3724 primum
521 3641 673 3704 notionem
697 3629 770 3701 a'tt.
792 3628 848 3703 in.
872 3640 985 3714 attinet,
1010 3648 1040 3701 et
1059 3639 1123 3723 ipse
1139 3635 1204 3701 Do·

190 3750 285 3815 nellus
320 3754 412 3838 magis
446 3751 590 3817 Adverbii
626 3744 900 3837 »eiii-piandum
935 3775 1023 3840 quarn
1055 3751 1203 3838 Adjectivi

245 3905 267 3973 π)
291 3906 340 3960 co.
359 3907 428 3976 510.
457 3937 490 3948 -
518 3907 541 3976 ι)
564 3908 597 3963 v.
616 3908 757 3980 ungam
775 3906 791 3962 1.
803 3906 820 3962 t.

246 3992 267 4061 ι)
291 3993 341 4048 en.
360 3994 412 4065 §c

953 4088 991 4150 4.
