2952 4556
640 298 801 400 43-

212 501 246 550 sa
261 479 556 571 Innaobligarerint,
582 493 611 548 et
632 483 756 546 invicem
780 483 858 547 inter
879 500 910 548 se
933 461 1133 572 principaliter
1155 481 1229 552 fide·

209 601 385 687 jusserint«
430 597 541 664 Vocem
566 596 748 684 σύμφωνον
771 598 807 663 de
825 607 936 685 pacto,
967 620 1027 687 quo
1057 599 1166 688 singuli
1196 605 1228 668 in

214 715 342 780 solidum
367 737 397 781 se
422 713 651 791 obstrinxerint,
681 713 817 801 intelligit
840 727 869 780 et
891 715 976 780 valde
1000 715 1155 794 dubitans,
1179 719 1227 782 cni

214 823 287 896 citt.
301 826 501 897 ὑπευθύνων
524 829 699 918 obligationi
715 829 746 896 id
766 843 884 917 pactum
908 829 995 918 adjici
1019 844 1165 919 oporteat,
1189 829 1228 898 ad

214 941 428 1036 Sarignium²⁸)
451 949 643 1034 provocavit,
669 950 720 1034 qui
744 945 879 1025 affirmat,
902 949 934 1011 in
957 958 1112 1012 contractu
1131 950 1227 1014 mutui

214 1063 379 1141 debitores,
409 1085 441 1128 re
470 1062 634 1151 obligatos,
664 1066 759 1149 pactis
785 1062 907 1149 adjectis
935 1085 1054 1128 correns
1082 1063 1145 1128 fieri
1170 1087 1227 1151 po·

212 1184 315 1254 tuisse.
349 1179 419 1244 ldeo
434 1178 585 1244 Ruecltert
606 1190 724 1265 pactum
742 1177 916 1267 obligationi
933 1165 1085 1268 principali
1102 1178 1225 1246 addidit.

214 1295 292 1360 Tum
308 1298 350 1359 ita
365 1297 601 1382 propositionem
613 1292 754 1359 Novellae
766 1293 913 1381 disponit:
929 1293 1115 1360 lustinianus
1128 1295 1226 1362 verbis

213 1409 275 1472 »Et
286 1403 349 1493 γὰρ
369 1447 405 1458 -
424 1407 532 1484 ravair«
556 1409 638 1473 solos
653 1407 845 1494 fidejussores
862 1421 983 1473 mutuos
1000 1409 1109 1475 indicat
1124 1414 1225 1500 accipi,

214 1546 341 1613 quorum
378 1536 481 1588 mutua
518 1524 671 1610 fidejussio
709 1535 760 1587 aut
795 1525 916 1610 negotio
952 1524 1106 1611 principali
1145 1525 1227 1592 ant'ess

214 1642 310 1716 cessit,
335 1651 388 1703 aut
410 1639 513 1704 eodem
534 1651 676 1726 ternpore,
702 1659 762 1726 qno
780 1651 810 1702 et
831 1637 913 1714 illud,
938 1625 1015 1702 facta
1037 1651 1091 1703 est.
1126 1641 1227 1728 ltaque

213 1756 285 1822 baec
307 1767 411 1820 mutua
438 1754 591 1842 fidejussio
614 1767 674 1819 tam
702 1754 740 1819 ad
766 1775 833 1818 euro
864 1774 964 1816 casum
994 1757 1144 1840 respiciet,
1173 1755 1226 1820 ubi

214 1869 363 1936 debitores
387 1869 557 1959 simpliciter
579 1882 609 1936 et
631 1892 686 1959 pro
710 1882 794 1956 parte
817 1867 1114 1964 simuleontrahuot,
1138 1890 1227 1958 quam

213 1986 251 2051 ad
267 2008 343 2062 cum,
368 1989 393 2051 si
408 1998 513 2074 postea
535 1999 654 2074 pactum
678 1985 830 2073 adjiciunt,
855 1997 889 2050 ut
912 1985 1021 2072 singuli
1043 1987 1074 2048 in
1098 1986 1227 2052 solidum

213 2115 378 2168 teneantur.
424 2101 610 2168 Justinianus
626 2104 703 2168 enim
722 2105 933 2189 primumcum
958 2122 1058 2165 casum
1073 2105 1225 2189 proponit,

99 2259 104 2268 ·
213 2221 239 2286 si
261 2219 361 2305 plures
384 2219 575 2305 fidejussores
604 2221 699 2284 mutui
723 2216 855 2282 debiturn
878 2238 1032 2282 commune
1056 2217 1227 2304 simpliciter

213 2337 430 2411 contraxerint,
458 2336 500 2399 ita
522 2347 557 2399 ut
582 2333 784 2421 principaliter
811 2356 867 2421 pro
897 2332 1032 2421 partibus
1060 2345 1225 2415 teneantur,

213 2462 276 2514 tunt
300 2450 426 2515 adeum
456 2469 555 2514 casum
580 2453 740 2523 »transit«,
770 2452 795 2514 si
822 2448 923 2536 plures
954 2452 1149 2514 communiter
1176 2448 1228 2514 de·

211 2563 307 2631 bitum
331 2567 542 2642 contraxerint,
567 2568 613 2629 cui
636 2577 771 2652 pactum,
800 2586 837 2628 ex
863 2586 924 2654 quo
948 2566 1042 2629 correi
1064 2564 1133 2629 lacti
1156 2568 1225 2642 sint,

212 2680 395 2757 addiderint,
424 2683 466 2744 ita
489 2692 524 2745 ot
545 2694 604 2744 tarn
628 2680 829 2768 principaliter
853 2678 975 2758 debere,
1006 2702 1095 2769 quarn
1124 2683 1228 2769 »prin-

213 2795 345 2883 cipaliter
375 2795 574 2860 intercedere«
611 2794 777 2859 videantur.
807 2826 850 2838 -
878 2794 1057 2859 Beneficium
1085 2794 1227 2860 Novellae

214 2906 383 2997 (praecipue
407 2931 472 2974 corn
496 2905 632 2988 Bartolo)
657 2910 747 2974 hocce
770 2907 903 2995 profiteri
926 2908 1060 2974 videtur:
1089 2908 1227 2976 Creditor

214 3045 315 3089 omnes
344 3027 499 3100 convenit,
530 3026 635 3110 quiin
658 3024 738 3087 bunc
766 3022 886 3086 modum
910 3022 1161 3100 condemnantur,
1190 3037 1227 3090 ut

212 3140 373 3226 unicuique
395 3149 492 3202 totum
515 3137 691 3203 solvendum
715 3141 764 3215 sit,
787 3140 844 3202 nisi
861 3159 878 3202 a
894 3141 996 3203 ceteris
1021 3139 1093 3227 quid
1115 3144 1226 3206 servari

212 3277 302 3344 posse
324 3252 441 3343 probet.
477 3251 616 3320 Creditor
638 3253 705 3320 ideo
726 3257 840 3319 actione
859 3253 985 3340 judicati
1008 3254 1167 3334 inducitur,
1192 3269 1227 3323 ut

213 3382 330 3458 sponte,
355 3382 501 3458 quatenus
525 3373 650 3459 quisque
667 3369 811 3436 solvendo
831 3373 879 3448 sit,
904 3372 1049 3460 exploret,
1074 3375 1150 3436 etsi
1174 3394 1228 3461 ap·

212 3490 354 3576 paruerit,
377 3508 438 3552 non
463 3508 564 3552 omnes
588 3485 733 3552 solvendo
757 3508 836 3565 esse,
861 3487 938 3552 idem
961 3487 1091 3554 creditor
1113 3501 1226 3556 ceteros

211 3603 290 3670 ultra
318 3615 431 3691 partein
459 3602 571 3667 virilem
600 3603 713 3690 exiget,
746 3624 806 3691 quo
837 3602 874 3667 ab
903 3606 939 3668 iis
962 3604 993 3668 id
1016 3617 1225 3693 consequatur,

212 3719 335 3808 quoda
357 3717 539 3807 pauperibus
563 3720 692 3782 nancisci
714 3740 776 3782 oon
798 3722 939 3807 potuerit.

244 3883 253 3896 ..
279 3833 362 3918 Quae
395 3836 599 3920 interpretatio
631 3832 779 3900 subtiliter
808 3847 838 3900 ct
867 3839 1010 3923 sagaciter
1039 3834 1076 3899 ab
1106 3845 1226 3902 auctore

214 3947 426 3958 ——-—-—

266 3986 299 4058 ιι)
321 3988 430 4062 Savigny
447 3987 501 4043 ou.
514 3989 545 4044 a.
563 3989 610 4044 aa.
623 3987 643 4044 1.
661 4006 685 4062 p.
702 3988 761 4044 uc.
