2952 4556
615 304 774 404 „os—-

322 489 426 551 merito
455 485 493 550 ad
520 498 651 552 nostram
677 483 928 552 constitutionem
950 488 1052 551 traxit.
1090 487 1113 551 li
1136 498 1202 552 tan·

323 614 385 666 turn
409 605 560 666 conveniri
584 600 701 679 debent,
725 603 966 689 qui·praesentes
988 615 1068 680 sunt,
1092 616 1202 668 etcum

323 721 516 782 communiter
550 719 701 782 conveniri
736 715 880 794 debeant,
917 713 1079 782 absentiam
1113 721 1203 782 unius

323 833 454 921 periculo
479 833 632 898 creditoris
655 836 827 919 petitionem
843 831 951 898 'differe
975 826 1147 921 apparet¹⁶).

179 1039 181 1044 Ι
256 945 291 1033 d)
327 948 360 1015 Si
389 953 524 1037 exceptio
548 952 733 1014 excussionis
757 937 936 1037 opponitur,
966 949 1094 1014 creditor
1117 970 1204 1013 causa

325 1065 412 1144 cadit,
437 1078 466 1130 et
489 1069 513 1130 si
536 1078 641 1153 postea
664 1065 702 1130 ad
725 1064 849 1131 eundem
871 1065 966 1131 redire
991 1065 1064 1143 vult,
1087 1088 1205 1130 necesse

325 1195 371 1248 est
396 1203 504 1246 novam
527 1185 672 1246 actionem
696 1185 841 1247 instituat.
876 1181 933 1246 Hie
955 1195 1051 1246 autem
1075 1204 1137 1246 non
1160 1203 1231 1248 πει.

320 1298 438 1385 jioitur‚
463 1295 531 1374 sed,
556 1298 581 1361 si
605 1311 768 1362 ceterorum
791 1266 858 1385 quis
882 1319 992 1384 egenus
1016 1300 1069 1375 sit,
1094 1299 1129 1375 ii,
1155 1299 1238 1385 (1¹11,ss
1264 1383 1269 1390 ·

327 1416 465 1480 conventi
500 1425 584 1491 sunt,
620 1414 700 1477 nulla
734 1435 817 1477 mora
851 1412 1047 1478 intercedente
1082 1414 1113 1478 in
1143 1413 1206 1499 ejus
1280 1412 1283 1418 ’

326 1551 448 1618 quoque
470 1540 583 1616 partem
608 1529 859 1594 condonarentur.

265 1641 294 1728 e)
328 1646 491 1711 Discrimen
515 1667 708 1732 permagnum
731 1647 807 1709 inter
828 1643 1000 1709 beneficium
1017 1643 1095 1708 Nov.
1112 1640 1155 1709 99
1179 1655 1208 1708 et
1241 1681 1244 1689 «
1288 1617 1309 1696 ’ἶ

327 1761 502 1828 beneficium
525 1763 709 1826 excussionis
733 1763 763 1825 in
787 1781 875 1825 onere
898 1759 1046 1847 probandi
1062 1762 1208 1824 consistit.

330 1875 471 1959 Quaestio
495 1881 571 1944 enim
595 1878 632 1942 de
655 1880 741 1966 copia
756 1876 890 1942 solvendi
906 1899 1018 1954 eorum,
1044 1897 1121 1964 quos
1136 1874 1208 1940 fide-

325 1996 431 2080 jussor
452 1994 576 2059 idoneos
600 2016 664 2058 esse
688 1992 767 2071 dicit,
789 1994 880 2080 juxta
901 1991 1018 2086 Noud
1041 1979 1079 2058 ex
1101 2004 1209 2058 eventu

331 2113 513 2177 executionis
535 2109 645 2174 frustra
669 2123 822 2198 susceptae
845 2109 999 2187 deciditur,
1022 2113 1063 2174 itu
1086 2121 1121 2172 nt
1138 2131 1211 2195 pro·

330 2226 460 2292 bationis
478 2249 554 2292 onus
571 2225 709 2291 creditori
724 2224 884 2291 incumbat.
913 2225 947 2289 in
961 2224 1039 2289 Nov.
1053 2222 1096 2290 99
1112 2237 1210 2288 autem

329 2343 493 2431 imperator
516 2345 679 2420 constituit,
703 2355 738 2408 ut
748 2342 843 2430 judici
860 2341 896 2406 de
915 2340 1104 2407 facultatibus
1129 2339 1212 2405 debi-

331 2471 429 2525 torum
453 2457 662 2548 inquirendum
692 2433 739 2523 sit.
785 2451 934 2543 Postea¹⁷)
957 2457 1139 2534 videbimus,
1169 2459 1212 2523 sie

332 2597 452 2664 quoque
475 2574 683 2663 probationem
706 2574 745 2640 ad
767 2597 901 2640 correum
919 2570 979 2656 (vel
994 2570 1211 2663 fidejussorem)

333 2704 474 2779 spectare,
499 2691 561 2768 sed,
584 2694 671 2756 etiam
687 2693 711 2755 si
722 2689 820 2777 judex
836 2712 873 2755 ex
890 2689 998 2768 officio,
1021 2690 1161 2777 probatio
1178 2703 1213 2754 ut

333 2804 391 2870 sibi
402 2806 493 2882 fieret,
510 2827 612 2870 curare
628 2803 749 2869 deberet
764 2799 1211 2892 (»Untersuchungsmaxime·),

322 2919 523 2985 'Novellarum
551 2919 677 3005 liqueret
703 2895 844 2982 beneficia
871 2920 948 2983 inter
975 2941 1007 2983 sc
1037 2919 1212 3006 discrepare.

336 3033 427 3117 Quod
449 3037 569 3098 maximi
591 3036 731 3098 momenti
755 3054 818 3097 esse
841 3045 925 3120 puto,
951 3045 1109 3121 propterea
1131 3033 1214 3122 quod

330 3149 427 3237 judex
449 3170 546 3214 errare
569 3161 621 3214 aut
644 3149 737 3238 decipi
761 3160 870 3237 potest,
897 3148 967 3213 dum
990 3152 1127 3215 excussio
1152 3173 1214 3216 ma-

330 3268 428 3354 jorem
458 3266 597 3331 creditori
626 3269 813 3331 securitatem
841 3279 981 3352 praestat.
1029 3267 1068 3332 Et
1095 3271 1121 3332 si
1143 3279 1215 3356 post

335 3374 565 3460 sententiam¹⁸),
596 3381 679 3471 quod
705 3383 823 3471 quidem
846 3405 907 3447 non
931 3405 1033 3449 omnes
1056 3386 1214 3471 accipiunt,

336 3497 471 3586 Savigny
494 3510 592 3563 autem
621 3520 683 3563 non
705 3499 824 3564 infitiari
852 3498 985 3578 videtur,
1016 3499 1145 3564 creditor
1162 3500 1214 3585 jus

337 3615 375 3681 ad
404 3627 489 3679 antea
518 3626 681 3679 conventos
708 3613 852 3680 redeundi
880 3638 942 3681 non
972 3615 1084 3680 diutius
1116 3612 1214 3692 habet,

337 3730 543 3796 detrimentum
568 3729 647 3794 haud
669 3751 794 3817 parvum
819 3733 845 3794 ei
868 3735 973 3796 oritur.

258 3885 291 3954 ιο)
310 3885 347 3940 et.
361 3886 482 3941 Absemes
501 3886 531 3938 ad
542 3885 607 3939 Nor.
621 3884 663 3938 99.
690 3883 805 3939 bartolus
823 3903 845 3939 a.
859 3884 885 3941 S.
904 3885 948 3940 bl.
967 3905 1004 3942 nr.
1017 3885 1060 3942 31.

259 3975 291 4046 Π)
316 3975 366 4029 Gir.
385 3974 446 4046 §38
458 3993 513 4048 sqq.
541 4003 575 4016 ·-
603 3973 636 4042 ¹⁸)
661 3972 710 4030 etr.
730 3973 799 4044 §40·

1002 4071 1020 4128 5
