2936 4554
636 285 795 384 „Q

277 467 469 532 Revertentes
492 465 531 532 ad
552 465 774 532 translationem
798 477 928 530 nostram
959 465 1113 554 deprimo
1138 487 1223 530 casu:

260 583 299 648 A.
325 583 444 670 »Atque
473 585 498 646 si
526 585 568 648 ita
594 603 625 646 se
648 602 695 645 res
718 579 826 646 habere
849 583 1035 668 apparuerit,
1065 585 1111 644 sin
1134 583 1226 668 igitur

322 697 466 762 solvendo
495 701 555 762 sint
582 709 611 761 et
639 694 765 761 sortasse
793 709 963 783 praesentes
994 695 1116 773 luerint,
1146 699 1225 782 peri·

323 813 421 878 culum
444 813 562 878 illorum
586 815 717 878 omniurn
739 812 799 876 hoc
822 833 885 876 esse
909 810 1010 888 debet,
1041 824 1076 876 ut
1098 814 1225 898 quisque

322 950 378 1015 pro
394 932 516 1016 propria
528 941 611 1016 parte
627 927 667 1005 id,
685 927 768 1015 quod
780 926 923 992 creditum
939 939 991 1004 cst,
1008 975 1015 992 .
1030 975 1037 991 .
1053 938 1224 1013 praestent«

209 1066 271 1110 non
299 1021 492 1120 disseremus,
523 1066 588 1108 cum
613 1043 666 1130 p'er
688 1065 719 1108 se
741 1043 930 1130 Imperatoris
954 1042 1079 1107 edictum
1103 1035 1224 1128 liqueat.

210 1158 324 1226 Deinde
347 1181 447 1224 casum
470 1158 633 1223 secundum
656 1161 860 1246 inspicientes:

258 1275 299 1340 Β.
323 1273 399 1343 ’Sin
415 1295 486 1340 vero
504 1273 646 1361 reliquos,
671 1275 732 1338 sive
749 1295 860 1351 omnes,
885 1277 947 1338 sive
963 1271 1109 1361 quosdam
1125 1275 1224 1348 exiis,

322 1393 385 1454 sive
407 1410 463 1475 pro
486 1401 585 1475 parte,
618 1392 734 1453 sivein
757 1389 885 1454 solidum
909 1387 1053 1454 solvendo
1078 1409 1139 1453 non
1162 1409 1226 1454 esse

322 1507 494 1593 apparuerit
508 1504 554 1570 vel
570 1508 657 1570 ctiam
672 1527 724 1570 eos
739 1503 866 1570 fortuito
883 1501 1022 1581 abluisse,
1046 1506 1133 1569 etiam
1148 1506 1179 1568 in
1194 1502 1226 1568 id

322 1618 525 1708 unusquilibet
536 1601 661 1697 tenetor,
675 1620 758 1708 qnod
774 1619 810 1686 ab
822 1620 886 1685 aliis
898 1621 989 1707 recipi
1001 1625 1062 1684 'non
1072 1621 1225 1706 potuerit«

211 1749 241 1802 ct
264 1731 329 1801 curn
354 1734 450 1802 verbis
474 1734 729 1801 antecedentibus:

268 1852 299 1918 0.
323 1864 440 1916 ’tamen
461 1873 524 1916 non
547 1853 645 1916 statim
668 1850 705 1915 ab
729 1854 814 1916 initio
839 1851 968 1916 creditor
984 1871 1225 1938 unumquemque

322 1971 354 2032 in
377 1965 505 2031 solidum
528 1971 700 2043 convenire,
724 1966 777 2032 sed
799 1969 915 2032 interim
938 1966 1067 2054 quidem,
1092 1979 1126 2031 ut
1148 1969 1225 2032 ratio

323 2079 467 2147 habeatur
494 2085 603 2169 partis,
638 2104 694 2168 pro
720 2103 778 2169 qua
807 2085 933 2169 quisque
964 2094 1096 2159 tenetur,
1127 2095 1224 2148 tamur

323 2217 409 2286 agere
437 2195 524 2263 debet
545 2199 633 2262 etiarn
655 2197 797 2263 adversus
819 2199 966 2285 reliquos,
996 2196 1142 2285 siquidem
1165 2198 1226 2264 sol-

323 2313 420 2380 vendo
445 2334 479 2377 ao
501 2325 670 2400 praesentes
694 2316 772 2378 sint«

211 2443 415 2520 comparantes
423 2432 552 2518 primum
562 2429 619 2506 hic,
629 2427 712 2516 qnod
720 2450 811 2516 supra
820 2431 1039 2506 annotavimus,
1047 2409 1225 2518 repetimus:

281 2547 308 2612 1.
343 2568 442 2612 casum
466 2543 644 2621 secundum,
675 2547 728 2631 qui
751 2548 833 2609 casui
855 2548 952 2632 primo
977 2528 1164 2633 opponatur:
1187 2521 1226 2608 ad

211 2666 355 2729 actionem
374 2663 436 2748 jam
460 2663 626 2725 institutam
645 2683 707 2724 non
729 2663 837 2737 minus,
862 2683 951 2746 quarn
974 2683 1073 2725 casum
1096 2663 1224 2747 primum

212 2782 368 2867 respicere,
392 2789 422 2842 et
444 2776 511 2842 ideo

278 2892 309 2959 2.
342 2895 420 2958 inter
443 2893 661 2958 enuntiationes
685 2889 823 2978 allegatas
840 2886 883 2971 (A
899 2903 928 2955 et
941 2889 975 2955 B
985 2885 1070 2972 -Cl
1089 2889 1120 2955 id
1135 2893 1225 2956 inter-

212 3031 275 3074 esse
303 3009 475 3085 discrimen,
502 3006 586 3096 quod
615 3007 687 3071 haec
715 3005 754 3070 ad
782 3006 1066 3071 litiscontestationis
1095 3020 1224 3093 tempus,

210 3124 276 3189 illae
288 3123 326 3189 ad
341 3127 563 3212 inquisitionem
573 3122 683 3210 judicis
695 3134 843 3210 peractam
855 3134 996 3209 spectent.
1020 3121 1109 3205 Quod
1122 3121 1226 3187 discri-

211 3261 276 3304 men
300 3261 367 3304 cum
389 3239 428 3303 ad
449 3242 644 3327 praesentiam
667 3240 811 3325 respicere
833 3251 970 3326 nequeat,
994 3237 1032 3303 ad
1050 3239 1143 3303 solam
1157 3237 1225 3303 ido-

212 3357 349 3420 neitatem
371 3359 507 3443 pertinet.
528 3392 564 3402 -
587 3353 700 3419 Deinde
723 3366 820 3418 autem
843 3352 947 3417 iisdem
970 3353 1224 3420 enuntiationibus

211 3473 288 3535 inter
310 3493 341 3536 se
364 3473 541 3558 comparatis
564 3470 620 3535 hae
643 3468 822 3535 differentiae
845 3471 971 3534 existere
992 3482 1137 3557 possunt:

278 3584 308 3650 3.
345 3583 378 3651 Si
402 3584 530 3650 creditor
553 3606 687 3650 correum
705 3598 888 3672 praesentem
905 3584 1033 3672 quidem,
1058 3584 1110 3651 sed
1126 3588 1224 3650 minus

209 3699 351 3765 idoneum
375 3723 442 3766 cum
465 3703 567 3765 ceteris
591 3703 774 3778 convenerit,
802 3699 1015 3788 praeJudicinm
1039 3703 1065 3764 ei
1088 3721 1149 3764 non
1171 3722 1224 3764 na·

211 3819 317 3893 scitur,
343 3838 424 3894 cnm,
450 3819 475 3881 si
490 3819 670 3903 apparuerit,
694 3838 761 3881 cum
784 3815 925 3882 idoneum
947 3838 1009 3882 non
1032 3835 1106 3892 esse,
1130 3835 1224 3881 unus÷

211 3930 335 4025 quilibet
357 3931 472 4006 solvere
496 3931 615 4010 debeat,
643 3931 727 4029 quod
749 3931 787 3998 ab
810 3932 861 3998 illo
883 3934 974 4026 recipi
997 3953 1058 3998 non
1080 3933 1222 4025 potuerit,
