2952 4556
685 287 845 406 Q

256 507 320 551 non
345 488 443 552 minus
466 485 597 552 conditio
619 481 753 550 beneficii
781 479 992 570 divisionis¹'),
1022 507 1110 575 quam
1139 485 1272 554 conditio

258 605 443 668 excussionis
471 615 526 668 est
573 599 767 668 Communem
796 605 927 668 omnium
957 606 1183 668 conventionem
1210 626 1273 669 non

257 729 373 782 tantum
395 716 568 782 beneficium
591 720 777 783 excussionis
800 717 911 804 egredi,
934 718 986 783 sed
1009 721 1035 782 ei
1058 732 1185 806 promus
1200 741 1273 784 con·

257 835 381 897 ararium
410 854 489 910 csse,
518 855 610 921 supra
638 833 804 899 docuimus.
842 833 1030 899 Postremum
1054 835 1106 920 jus
1133 837 1164 899 in
1186 847 1273 899 antea

258 961 421 1014 conventos
447 948 607 1027 redeundi,
636 949 720 1037 quod
743 948 782 1015 ob
806 948 898 1015 verba
919 949 949 1014 si
970 947 1008 1014 di
1030 941 1278 1035 dudone-eido?

258 1059 348 1150 νήθη
370 1067 490 1152 accipit,
518 1068 600 1130 etin
622 1087 684 1153 quo
708 1078 815 1130 auctor
837 1087 977 1154 magnum
999 1069 1076 1130 inter
1097 1055 1276 1132 beneficium⁸

259 1179 413 1246 divisionis
436 1193 466 1245 ct
486 1179 659 1246 beneficium
673 1179 816 1246 Norellae
838 1194 958 1247 nostrae
975 1181 1131 1246 discrimen
1145 1185 1272 1247 existere

259 1279 345 1374 dicit,
374 1318 391 1361 e
412 1296 511 1362 verbis
533 1296 662 1362 laudatis
684 1296 821 1363 concludi
842 1321 904 1364 non
926 1310 1041 1386 potest,
1070 1300 1095 1363 si
1117 1295 1273 1364 Dedelind

258 1433 343 1478 suana
363 1416 445 1478 vocis
469 1415 588 1500 φανείη
611 1415 764 1478 notionem
787 1426 817 1479 et
839 1436 1023 1480 communem
1047 1417 1178 1479 omnium
1201 1435 1273 1478 con-

258 1529 426 1594 ventionem
462 1541 631 1594 constanter
662 1543 826 1596 conservet.
872 1530 918 1595 Eo
946 1534 1041 1608 enim,
1072 1529 1156 1619 quod
1184 1532 1272 1594 ceteri

259 1643 403 1711 solvendo
426 1667 489 1710 non
511 1659 596 1722 sunt,
626 1659 764 1734 apparet,
788 1646 961 1712 creditorem
985 1645 1023 1711 ab
1046 1649 1082 1711 iis
1105 1644 1179 1710 nibil
1201 1666 1273 1709 con-

259 1773 429 1827 secuturum
452 1784 525 1840 csse,
550 1761 742 1849 quamobrem
765 1767 790 1827 si
808 1762 905 1849 judex
920 1761 1051 1827 debitum
1068 1765 1145 1827 inter
1160 1783 1271 1838 ornnes,

259 1881 310 1966 qui
334 1876 478 1942 solvendo
501 1881 570 1955 sint,
595 1877 771 1942 distribuere
795 1877 909 1956 debeat,
933 1891 963 1942 et
985 1882 1048 1965 ipse
1068 1889 1271 1966 perscrutatus

260 1995 314 2070 sit,
345 1995 397 2080 qui
426 1993 570 2058 solvendo
601 1995 675 2069 sint,
712 1991 842 2058 debitum
873 2016 935 2059 non
964 1992 1126 2059 distribuat
1153 2013 1271 2058 necesse

260 2119 305 2172 est
327 2109 405 2171 inter
431 2130 498 2185 cos,
529 2111 580 2196 qui
603 2108 748 2174 solvendo
775 2132 837 2175 non
860 2113 934 2187 sint,
962 2113 1052 2175 immo
1077 2131 1148 2174 aero
1172 2120 1271 2197 partes

258 2244 425 2312 pauperum
441 2223 638 2311 locupletibus
656 2225 811 2313 irrogabit.
847 2226 912 2314 lpse
935 2225 1065 2292 creditor
1087 2225 1205 2291 illorum
1228 2223 1272 2288 l·

260 2339 383 2405 cultates
406 2339 573 2405 nullatenus
596 2333 779 2422 excutiet²⁰).

326 2571 359 2636 ll.
396 2568 472 2637 Cum
495 2583 525 2635 et
546 2573 609 2657 ipse
625 2566 826 2655 Heimbach²¹l
850 2574 1019 2651 arbitretur,
1044 2595 1145 2638 vocem
1168 2574 1199 2637 in
1222 2593 1273 2635 so·

258 2686 351 2752 lidum
374 2686 559 2772 fidejussioni
581 2701 702 2753 mutuae
724 2689 825 2776 adjici,
854 2703 883 2755 et
904 2703 1056 2779 praeterea
1077 2689 1164 2766 idem,
1189 2686 1273 2775 quod

259 2802 431 2881 Dedebind‚
460 2802 682 2870 laudamentum
712 2803 902 2892 obligationis
932 2804 1102 2894 principalis
1124 2817 1154 2869 et
1176 2824 1273 2869 acces·

259 2923 355 2986 soriae
378 2917 495 2998 habeat,
518 2921 582 3006 ejus
606 2919 642 2985 de
664 2924 809 2986 sententia
826 2925 983 3010 separatim
999 2921 1178 2986 disseramus
1194 2940 1271 3008 opus

258 3058 321 3102 non
348 3048 409 3114 est,
439 3059 504 3102 cum
527 3035 682 3102 Dedalind
710 3037 871 3102 admodum
899 3051 1070 3104 constanter
1094 3039 1271 3125 principium

259 3173 346 3217 suum
370 3152 533 3240 explicasse
556 3153 628 3218 mihi
650 3150 796 3218 videatur.

720 3326 807 3412 §1⁹-

630 3461 894 3550 Respectus.

328 3581 409 3694 Quas
438 3613 596 3676 sententias
627 3609 664 3696 §5
691 3612 930 3679 antecedentibus
952 3617 993 3678 ita
1015 3614 1271 3702 perlustravimus,

259 3749 297 3794 ex
317 3729 353 3791 iis
368 3729 511 3813 imprimis
527 3731 686 3794 sententiae
702 3729 843 3794 Riielaerti
860 3743 889 3794 et
902 3729 1080 3794 Dedekindii
1095 3728 1271 3805 docuerunt,

312 3884 346 4006 Ζ)
369 3882 507 4041 [elpenpnsea
524 3884 563 3938 cit.
583 3883 597 3955 5
613 3883 790 3940 11-15.39.
817 3915 851 3926 -
877 3884 911 3956 ¹⁰)
929 3884 1030 3942 Videsis
1048 3883 1181 3956 §15,1v.
1201 3881 1271 3955 538.

335 3974 346 4040 )
401 3990 421 4025 r.
486 4011 493 4027 .
