2952 4556
696 347 737 418 di

214 532 315 622 plures
343 529 474 597 debitum
503 529 658 596 dividuum
687 529 882 594 communiter
909 527 1124 603 contraxerint,
1155 537 1228 614 post

156 677 161 688 ·
177 629 184 742 ¹·
202 629 294 712 'Non
310 644 333 712 4
346 647 435 712 latam
451 647 515 712 lieri
529 649 725 735 potuissent
740 666 796 734 pro
812 646 922 711 correis
937 641 1126 719 haberentur,
1143 641 1228 728 quod

193 740 196 746 Ι
214 761 400 829 lastinianus
423 764 552 828 vetuerit
566 773 709 837 statuens,
732 771 768 825 ut
788 760 820 824 hi
835 781 891 848 pro
908 762 985 826 veris
1000 755 1227 844 fidejussoribus

216 873 327 944 mutuis
350 877 478 944 habendi
502 880 571 943 sint
607 875 723 961 Quibus
742 896 834 963 quum
857 875 1043 941 excussionis
1065 885 1129 938 tum
1152 871 1229 936 divi·

216 996 309 1060 sionis
331 993 506 1060 beneficium
529 995 622 1058 sensit
646 1003 811 1080 competere
834 1013 996 1080 eorumque
1018 989 1229 1055 beneficiorum

216 1131 363 1176 concursu
385 1112 512 1188 evenire,
536 1121 572 1175 ut
586 1106 717 1174 debitum
733 1109 810 1174 inter
824 1118 994 1195 praesentes
1010 1103 1230 1194 locupletesque

216 1228 320 1313 aequis
342 1225 478 1313 partibus
501 1225 661 1291 dividatur.
702 1223 790 1289 Falso
814 1226 890 1288 enim
914 1221 951 1287 ab
976 1223 1127 1310 opinionis
1150 1241 1231 1284 corn·

217 1345 316 1407 munis
344 1343 462 1407 asseclis
492 1344 592 1428 putari
619 1340 704 1417 dicit,
734 1340 908 1406 divisionem
930 1336 1072 1403 Novellae
1099 1358 1138 1402 ex
1158 1335 1231 1423 upi-

219 1457 297 1522 atola
318 1455 349 1522 d.
365 1455 509 1522 Hadriani
533 1454 718 1522 descendere.

288 1570 383 1655 Quam
406 1573 579 1636 sententiam
595 1568 632 1634 ab
649 1567 787 1635 omnibus
802 1590 895 1656 paene
910 1565 1098 1655 reprobatam
1114 1587 1231 1632 necesse

220 1698 266 1752 cat
288 1689 471 1764 intueamur,
496 1685 534 1751 ab
557 1687 698 1774 opinione
719 1683 920 1750 Haloandrina
944 1686 1056 1770 quain
1077 1703 1109 1748 re
1133 1681 1230 1748 distet.

219 1801 390 1869 Haloander
413 1801 452 1868 ob
475 1801 697 1888 fidejussionem
719 1812 852 1866 mutuam
875 1794 947 1862 ott
968 1794 1023 1864 ὑπ.
1046 1793 1090 1880 (h.
1107 1819 1133 1862 e.
1150 1800 1232 1863 »vice

220 1930 325 1984 mutua
351 1915 595 2005 fidejussorum«)
630 1915 839 2005 obligationem
875 1915 1063 2004 principalem
1097 1917 1231 2002 requirit,

221 2034 273 2099 sed
296 2033 379 2122 quod
401 2033 572 2100 Haloander
593 2032 840 2121 praesumendum
864 2032 911 2097 vel
933 2055 949 2098 e
972 2034 1075 2097 ceteris
1092 2027 1233 2094 Novellae

220 2148 356 2237 partibus
385 2148 621 2216 concludendum
651 2152 813 2227 existimat,
843 2148 875 2213 id
897 2146 1063 2214 Burchardi
1093 2149 1233 2234 opinatus

221 2277 267 2331 est
281 2269 347 2354 ipsa
362 2268 393 2331 in
409 2265 568 2332 verborum
584 2268 707 2331 notione
722 2264 759 2330 ab
776 2267 860 2330 initio
876 2266 1008 2352 positum
1024 2285 1097 2329 esse.
1120 2260 1233 2327 Deinde

222 2394 319 2447 autem
343 2382 399 2446 hac
421 2402 542 2469 quoque
571 2403 603 2446 re
631 2380 673 2446 illi
701 2383 778 2446 inter
807 2403 839 2447 se
868 2379 1021 2457 differunt,
1051 2377 1135 2467 quod
1156 2377 1235 2442 Bur·

223 2496 324 2564 ohardi
339 2499 468 2585 primurn
483 2495 623 2563 Novellae
638 2509 827 2585 praeceptum
844 2499 965 2562 omnino
986 2498 1106 2584 negavit
1120 2492 1233 2572 adesse,

223 2613 385 2679 secundum
408 2625 505 2679 autem
521 2635 582 2678 non
598 2613 636 2678 ad
652 2612 735 2690 duas,
755 2611 808 2678 sed
824 2612 863 2677 ad
879 2604 999 2696 unam')
1024 2611 1235 2700 obligationem

223 2727 311 2795 duxit
332 2733 486 2817 respicere,
510 2749 602 2817 caque
618 2728 800 2817 obligatione
821 2727 969 2795 debitores
985 2728 1185 2816 principaliter
1206 2737 1236 2793 et

223 2847 255 2909 in
277 2844 405 2910 solidum
427 2847 531 2910 teneri.
570 2843 636 2908 lam
659 2866 731 2909 vero
755 2843 917 2909 secundum
940 2843 1157 2909 Burchardium
1179 2842 1236 2907 lm·

224 2970 345 3046 perator
368 2959 470 3036 edixit,
495 2970 530 3024 ut
547 2958 642 3045 judici
665 2961 697 3023 in
712 2980 746 3023 ea
761 2980 821 3022 una
839 2957 1020 3046 obligatione
1036 2957 1236 3046 principaliter

225 3083 255 3138 et
276 3075 306 3136 in
330 3072 459 3138 solidum
483 3085 633 3138 contracta
648 3073 723 3138 duae
739 3072 935 3162 obligationes
950 3095 1007 3159 pro
1028 3085 1121 3160 parte,
1147 3072 1237 3139 altera

225 3188 405 3277 principalis,
430 3189 521 3254 altera
543 3191 715 3266 accessoria,
740 3189 947 3256 discernendae
969 3191 1039 3256 sint.
1085 3187 1237 3273 Quamob-

224 3325 297 3382 rem,
321 3307 373 3391 qui
396 3308 561 3371 accuratius
585 3327 647 3370 eam
671 3309 841 3394 opinionem
859 3305 1034 3372 Burchardii
1057 3309 1185 3394 inspicit,
1211 3307 1237 3370 ei

225 3419 395 3510 apparebit,
422 3421 639 3487 Burchardium
667 3443 721 3510 per
743 3421 881 3510 ambages
904 3437 1086 3510 postremum
1109 3421 1148 3487 ad
1172 3425 1238 3508 opi·

225 3540 344 3602 nionem
368 3559 552 3604 communem
573 3539 705 3604 rediisse.

226 3717 376 3774 Schuldnem
394 3719 471 3775 erhilt
488 3721 527 3790 (so
546 3720 612 3776 ierne
630 3737 698 3776 zwar
714 3721 780 3776 nicht
790 3720 947 3796 binzugcltigt
959 3722 1030 3789 wind,
1048 3721 1101 3776 daia
1120 3719 1181 3776 auch
1196 3719 1239 3774 der

228 3815 332 3872 einzelne
350 3835 399 3872 von
416 3817 488 3874 ihnen
505 3820 530 3872 in
548 3818 653 3873 solidum
672 3817 754 3874 lrallen
771 3819 851 3888 sollte)
868 3828 935 3874 cett«

280 3914 302 3982 ⁸)
327 3914 364 3970 Gi
383 3916 533 3988 Vangcrow,
553 3916 678 3971 Leitiadeu
695 3915 714 3970 i.
732 3916 806 3971 Pand
819 3915 916 3972 Vorler.
941 3917 1017 3974 blarb.
1030 3934 1055 3972 u.
1066 3917 1147 3989 Leipa.
1162 3915 1237 3973 1855.

228 4011 274 4068 Bt.
286 4013 326 4067 lll.
345 4031 368 4085 p.
382 4013 425 4068 94.
451 4014 561 4089 Savigny
577 4014 593 4068 l.
605 4013 620 4068 l.
639 4032 662 4086 p.
675 4013 735 4070 280.
754 4023 804 4069 not.
817 4015 842 4070 d.
