2952 4556
639 265 804 384 L

213 463 300 519 turus
324 454 377 529 sit,
402 471 498 539 aequo
516 450 592 537 juro·
609 447 779 527 dubitatae,
801 471 890 538 quarn
914 448 1067 538 quomodo
1091 447 1122 515 id
1144 449 1227 516 Van·

213 570 337 658 gerovio
372 570 533 654 continget.
584 564 659 631 Nam
686 565 836 632 Rueckert
870 589 935 632 cum
969 567 1180 654 Imperatorem
1209 589 1227 632 a

215 684 415 761 debitoribus,
445 685 497 770 qui
525 694 677 770 praeterea
701 685 825 747 invicem
853 680 1049 768 fidejubeant,
1079 682 1118 748 ad
1145 683 1227 750 aliud

214 801 364 890 quoddam
379 821 474 889 genus
489 801 708 864 intercessionis
723 801 875 864 transiisse
892 797 979 876 dicat,
1002 821 1050 864 res
1065 821 1126 864 non
1143 799 1227 864 aliter

214 939 245 982 se
268 915 366 994 babet,
392 937 479 1003 quum
504 937 569 980 cum
592 914 765 1002 Vangerow
787 937 847 980 rem
871 917 913 979 ita
936 913 1085 992 describit,
1113 927 1148 980 nt
1170 914 1226 980 du·

212 1033 282 1120 plici
304 1032 394 1097 modo
418 1031 571 1117 fidejussio
601 1043 705 1095 mutua
727 1032 858 1108 ineatur,
883 1029 966 1119 quod
989 1033 1015 1094 si
1037 1029 1075 1094 ad
1097 1031 1226 1118 lmpera·

212 1159 308 1213 torem
331 1145 493 1224 referimus,
517 1167 622 1211 rursus
640 1145 678 1210 ad
694 1146 771 1210 idem
786 1145 871 1223 redit,
896 1145 979 1234 quod
1001 1145 1150 1211 Rueclrert
1171 1169 1225 1212 ex·

212 1267 330 1352 pressit.
365 1261 500 1352 Denique
519 1261 669 1326 Rueclrert
689 1285 755 1327 cum
772 1260 948 1328 Girtannero
970 1283 1005 1327 eo
1023 1264 1166 1350 pervenit,
1190 1275 1225 1328 ut

213 1402 276 1444 vox
292 1375 430 1475 dllsbrr.
441 1380 530 1446 modo
542 1379 733 1465 fidejussores
748 1390 879 1454 mutuos,
896 1377 987 1442 modo
1000 1381 1123 1442 invicem
1135 1381 1224 1444 inter·

213 1492 348 1580 cedentes
372 1496 524 1584 significet,
549 1495 630 1584 quod
654 1508 684 1560 et
705 1497 768 1580 ipse
792 1505 897 1559 auctor
919 1506 1019 1582 aperte
1042 1493 1208 1559 confitetur.

281 1609 396 1694 Quibus
420 1613 599 1700 argumentis
615 1609 788 1675 beneficium
803 1609 954 1684 Novellae,
979 1608 1062 1698 quod
1077 1609 1227 1676 Rueckert

213 1730 337 1815 accepit,
368 1731 495 1803 nitatur,
526 1729 598 1814 quin
622 1725 774 1814 quomodo
799 1726 830 1790 id
853 1729 952 1815 ipsum
975 1729 1153 1792 instructum
1177 1730 1224 1805 sit,

212 1844 295 1909 nullo
318 1842 408 1908 modo
432 1855 585 1906 essecutus
609 1865 684 1919 sum,
709 1846 844 1930 quamvis
861 1843 987 1907 multum
1012 1863 1119 1929 operae
1142 1845 1173 1906 in
1188 1845 1224 1908 iis

212 1958 388 2047 indagandis
417 1961 638 2024 consumserim.
684 1959 797 2024 Tamen
824 1962 881 2024 nisi
912 1961 1011 2024 omnia
1040 1979 1086 2022 mc
1109 1957 1224 2034 fallunt,

211 2075 361 2142 Rueclrert
381 2073 552 2139 fictionibus
576 2050 666 2151 salsis,
691 2096 765 2162 quas
783 2075 944 2164 legislatori
968 2077 1079 2140 intuitu
1100 2077 1224 2140 rationis

212 2190 359 2279 probandi
383 2194 552 2279 supposuit,
577 2203 667 2256 semet
689 2195 786 2279 ipsum
811 2190 934 2279 decepit.

672 2366 690 2452 ς
711 2366 762 2434 se.

269 2503 306 2568 V.
353 2501 451 2586 Quae
481 2515 612 2568 contra
642 2506 872 2568 sententiam
901 2500 1169 2568 Heimbachio-

390 2618 712 2684 Dedekindianam
735 2617 929 2684 asserenda
952 2631 1048 2684 sunt.

278 2763 460 2851 Dedekind¹l
491 2767 527 2835 de
557 2771 765 2857 conjunctione
793 2768 872 2834 Nor.
895 2765 937 2835 99
966 2768 1040 2835 etl
1069 2781 1158 2856 utque
1188 2769 1224 2836 de

213 2909 284 2954 voce
308 2882 380 2950 ute.
403 2881 471 2963 un,
503 2907 562 2973 qna
592 2885 762 2952 »debitores
785 2888 848 2950 vice
878 2897 982 2950 mutua
1009 2884 1224 2972 fidejubentes«

212 3027 277 3070 cum
293 3002 464 3068 Haloandro
481 3015 510 3068 et
525 3001 667 3091 Savignio
684 3001 805 3067 indicari
829 2995 956 3089 putat²),
981 3005 1053 3066 novi
1075 3001 1148 3090 qnid
1163 3024 1225 3067 non

211 3120 320 3186 attulit.
350 3118 428 3182 Idem
447 3118 482 3182 de
500 3122 596 3205 primo
620 3117 761 3183 Novellae
783 3108 972 3204 praecepto³)
997 3116 1153 3182 dicendum
1169 3131 1223 3196 est,

211 3241 242 3301 in
271 3256 331 3322 quo
362 3233 555 3298 describendo
591 3232 787 3298 dubitationis
823 3253 926 3296 causas
956 3235 998 3296 ita
1026 3233 1155 3320 repellit,
1190 3246 1226 3300 ut

210 3351 410 3417 Justinianum
427 3346 473 3411 vel
488 3350 591 3434 potins
608 3346 825 3412 Tribunianum
841 3347 947 3434 puerili
963 3347 1089 3435 quadum
1106 3349 1224 3414 levitate

211 3486 346 3557 sperasse
376 3464 515 3550 accipiat,
546 3485 560 3527 e
590 3463 787 3550 descriptione
816 3465 914 3528 minus
947 3476 1097 3540 accurata,
1135 3485 1224 3552 qnam

211 3583 389 3670 susceperit,
420 3579 618 3644 dissensiones
647 3591 746 3644 ortum
769 3602 830 3643 non
853 3582 904 3656 iri,
936 3601 1001 3644 curn
1024 3578 1103 3645 Nuv.
1120 3578 1143 3645 4
1160 3581 1224 3667 jam

211 3702 241 3765 in
270 3698 424 3788 prooemio
454 3698 631 3760 mentionem
661 3694 775 3772 fecerit,
807 3708 836 3761 et
858 3695 959 3792 paullo
987 3681 1060 3784 post
1088 3694 1223 3760 effectum

263 3943 285 4012 1)
305 3940 354 4000 cn.
367 3940 415 4012 se.
430 3973 464 3984 -
482 3940 503 4012 ⁹)
516 3925 641 3997 nereum
653 3941 667 4013 s
679 3939 720 3998 rs.
734 3949 785 3998 nu.
797 3941 821 3997 1.
834 3971 868 3983 -
885 3941 907 4011 3>
919 3939 1044 3997 senemr
1056 3958 1080 4013 p.
1093 3939 1151 3997 158.
1163 3939 1222 3996 159.
