2952 4556
659 337 810 347 ——....

704 487 773 573 52·

375 623 497 711 Usque
524 623 567 688 ad
592 622 816 712 Gregorium
838 623 1102 690 Haloandrum.

298 776 439 844 Burtolus
472 797 489 838 a
518 772 728 851 Saxoierrato,
764 768 849 857 ubi¹)
883 777 1056 842 seutentiam
1090 795 1173 842 suam
1208 775 1244 841 de

231 892 309 960 Nor.
328 889 371 960 99
401 891 508 958 diserte
537 893 692 979 exposuit,
725 911 844 956 correus
874 889 1005 980 quelibet
1032 894 1146 959 ratione
1174 889 1246 958 dioit

233 1009 374 1074 constitui
396 1028 496 1095 posse,
521 1005 610 1073 modo
626 1006 708 1072 nulla
724 1005 759 1072 de
782 1006 931 1072 voluntate
952 1010 1082 1095 partium
1097 1005 1244 1074 dubitatio

233 1125 362 1200 oriatur,
387 1121 441 1187 sed
462 1121 545 1210 quod
568 1121 607 1186 ad
628 1121 801 1188 beneficium
823 1125 964 1210 pertinet,
989 1121 1072 1210 quod
1094 1123 1130 1187 iis
1153 1143 1171 1186 a
1191 1121 1247 1188 Ju-

234 1241 362 1304 stiniano
391 1237 492 1303 dutum
517 1251 576 1314 est,
605 1236 779 1304 beneficium
799 1237 951 1326 Epistulae
980 1237 1041 1303 divi
1064 1236 1206 1304 Hadriani
1229 1260 1247 1302 a

234 1355 378 1420 divisione
401 1352 542 1421 Novellae
565 1356 686 1420 omnino
710 1355 858 1420 discernit.
896 1351 971 1418 Nam
994 1354 1123 1419 creditor
1145 1375 1246 1419 omnes

234 1491 354 1536 correos
377 1470 464 1534 simul
493 1469 663 1557 etquidem
690 1490 931 1558 unumquemque
959 1472 990 1534 iu
1019 1468 1163 1546 solidum,
1194 1469 1248 1534 sed

233 1588 458 1674 protestatione,
483 1585 565 1674 quod
583 1607 644 1650 una
659 1584 770 1650 solutio
787 1583 923 1662 sufficiat,
948 1578 1062 1673 adjecta
1080 1588 1246 1662 convenire,

111 1753 113 1759 .
229 1701 326 1788 judex
349 1715 446 1768 autem
469 1700 631 1768 secundum
654 1700 784 1766 libellum
807 1703 931 1767 actionis
954 1721 1194 1789 unumquemque
1217 1703 1247 1766 in

235 1817 363 1884 solidum
385 1815 472 1882 debet
492 1816 696 1882 condemnere.
729 1815 820 1900 Quod
842 1819 867 1881 si
891 1815 1000 1882 iactum
1023 1828 1077 1894 est,
1102 1819 1152 1881 »in
1174 1828 1248 1882 tem·

234 1955 309 2021 pore
332 1934 515 1998 executionis
539 1929 712 1997 facultatum
727 1933 883 2020 utriusque
897 1934 1056 1997 excussio·
1071 1934 1247 2020 insequitur,

236 2052 277 2113 ita
300 2060 348 2126 ut,
372 2051 398 2112 si
420 2059 545 2134 uterque
568 2045 712 2112 solvendo
736 2067 799 2112 esse
821 2049 1001 2134 reperiatur,
1026 2050 1161 2113 executio
1180 2069 1249 2114 rere

235 2168 267 2230 in
294 2177 453 2251 utrumque
474 2182 531 2249 pro
554 2173 652 2248 parte,
682 2155 734 2228 sin‘
750 2184 821 2228 veru
846 2163 919 2228 aiter
941 2161 1086 2229 solvendo
1109 2185 1172 2228 non
1201 2166 1248 2240 sit,

237 2282 267 2346 iu
291 2281 414 2346 alterum
437 2279 468 2343 in
492 2275 620 2342 solidum
644 2281 747 2343 autin
771 2278 922 2345 residuum
938 2277 1026 2367 dirigi
1048 2281 1153 2365 possit.
1189 2277 1251 2344 Ex·

238 2397 334 2484 ceptio
357 2393 513 2460 divisionis
537 2406 590 2459 aut
611 2397 709 2460 statim
733 2397 819 2460 initio
842 2394 902 2460 litis
932 2397 1110 2482 opponitur,
1141 2397 1166 2459 si
1189 2415 1251 2462 ere·

238 2510 319 2578 ditor
341 2531 434 2576 unum
457 2500 572 2576 tuntum
595 2531 677 2575 reum
701 2513 731 2576 in
754 2508 882 2576 solidum
906 2512 1063 2576 convenire
1085 2510 1169 2588 velit,
1199 2522 1251 2576 eut

238 2640 310 2715 post
339 2629 527 2703 sententiam,
558 2629 584 2690 si
612 2627 787 2691 excussione
815 2625 965 2691 bonorum
994 2625 1113 2690 alterius
1142 2628 1252 2692 omissa

239 2741 395 2820 desideret,
420 2754 455 2806 ut
469 2741 543 2806 alter
557 2753 650 2808 totam
671 2739 924 2807 condemnationis
946 2763 1088 2806 summam
1104 2743 1249 2808 exsolvat.

307 2857 403 2942 Quam
416 2856 531 2924 Bartoli
553 2858 824 2945 interpretationem
840 2855 995 2923 Alberious
1017 2856 1053 2922 de
1071 2850 1250 2938 Rosciate¹);

240 2975 372 3064 Angelus
397 2973 432 3040 de
453 2967 616 3055 Uholdis⁸),
641 2973 774 3061 Angelus
796 2966 978 3054 Aretinus‘),
1002 2971 1114 3038 Paulus
1138 2973 1173 3038 de
1194 2971 1252 3039 Ca-

295 3225 316 3296 ¹)
340 3225 455 3283 Bartolus
477 3225 494 3280 Ι.
512 3225 527 3281 t
552 3243 588 3281 nr.
604 3228 625 3280 l.
637 3224 680 3280 23.
693 3224 735 3282 28.
764 3225 858 3280 Corum.
876 3245 896 3281 s.
914 3227 1032 3283 Authent.
1050 3227 1105 3284 Vll.
1130 3227 1189 3284 coll.
1206 3226 1252 3282 IX.

241 3327 292 3381 Tit.
310 3343 347 3380 nr.
362 3324 384 3378 1.
405 3318 409 3326 ’

294 3422 318 3492 ²)
343 3422 436 3479 domm.
454 3424 480 3476 in
498 3421 578 3478 codic.
597 3422 684 3476 Venet.
700 3420 775 3478 1586.
795 3422 826 3477 ad
842 3422 920 3478 Auth.
939 3424 977 3476 eit
995 3439 1032 3478 nr.
1046 3421 1071 3476 2.

294 3521 318 3590 ³)
340 3519 405 3576 Leot
423 3521 450 3574 in
465 3519 518 3575 libr.
532 3519 591 3576 cod.
610 3520 696 3575 Venet.
712 3519 779 3576 1485
798 3520 828 3574 ad
846 3519 874 3575 L.
887 3519 912 3574 2.
932 3520 959 3576 C.
972 3519 1024 3576 eod.
1061 3521 1126 3576 Leet
1138 3522 1164 3576 iu
1175 3520 1253 3578 nuth.

241 3619 320 3694 bugd.
335 3618 411 3676 1549.
430 3617 473 3673 fol.
486 3615 528 3672 34.
547 3617 577 3672 ad
594 3618 659 3672 Nor.
673 3617 714 3672 99.
744 3617 839 3673 comm.
857 3620 882 3672 in
900 3618 954 3690 Dig.
972 3635 1073 3674 norum.
1092 3618 1172 3692 Lugd.
1186 3617 1255 3673 1569

242 3719 273 3773 ad
290 3717 319 3773 L.
333 3718 364 3772 ll
385 3717 415 3771 de
433 3716 491 3772 duo.
509 3733 528 3769 r.
546 3733 584 3769 nr.
597 3715 622 3770 2.

295 3815 318 3885 ⁴)
340 3815 435 3871 comm
454 3831 474 3870 s.
492 3813 551 3870 Inst.
569 3813 592 3869 Π
609 3814 638 3869 Ρ.
657 3831 676 3868 e.
695 3814 767 3869 euih.
795 3813 917 3870 Francisei
933 3816 964 3870 de
981 3816 1076 3871 Aretio.
1093 3815 1123 3870 lt.
1136 3811 1184 3870 sl.
1198 3821 1254 3869 et
1374 3861 1376 3866 .

127 3963 131 3972 .
243 3915 274 3969 ad
291 3913 341 3970 Tit.
359 3913 384 3968 J.
403 3913 432 3967 de
450 3913 508 3969 duo.
527 3930 547 3966 r.
565 3912 605 3968 Pr.
623 3928 686 3968 vers.
704 3912 776 3967 »Duo
794 3910 924 3984 pluresve·
943 3921 967 3969 et
985 3911 1037 3984 52.
