2952 4556
702 327 723 396 5

275 511 336 580 Sed
358 513 421 578 sive
435 511 574 589 iruerint,
598 512 661 578 sive
683 509 759 576 alius
775 507 900 600 quilibet
915 505 1072 578 Glossator
1086 509 1223 580 Anthen-

206 633 294 696 tieam
316 631 451 716 concepit
472 639 502 694 et
524 625 628 694 Cedici
651 629 786 705 inseruit,
813 638 910 692 tamen
933 629 1007 714 quin
1028 639 1134 694 auctor
1155 631 1222 716 opis

206 749 325 812 nioaem
347 766 531 811 communem
558 755 679 811 secutus
707 745 760 820 sit,
791 740 921 808 dubitari
943 764 1004 808 uon
1027 755 1137 830 potest.
1182 741 1222 810 Et

206 883 382 951 persuasum
404 861 476 926 mihi
499 859 605 938 habeo,
629 881 725 947 neque
746 857 909 948 Bulgrrum
932 871 963 925 et
974 857 1146 936 Martiuum,
1170 881 1222 926 ne·

206 1001 264 1068 que
289 978 459 1046 Albericum
486 975 523 1042 de
550 976 643 1042 Porta
671 974 843 1041 &tenuate
872 988 901 1042 et
928 973 1091 1064 Regerium
1120 972 1159 1038 ab
1187 996 1222 1040 ea

206 1097 385 1162 discessisse.
418 1091 553 1178 Quorum
577 1091 696 1181 quidem
719 1095 882 1158 sententiae
905 1091 941 1157 de
964 1089 1089 1156 Novella
1110 1111 1221 1156 memo·

205 1216 266 1278 riae
293 1210 418 1277 traditae
446 1231 508 1275 non
539 1222 624 1286 sunt,
657 1229 760 1274 verum
791 1211 861 1296 quia
888 1208 961 1274 aliae
990 1210 1219 1285 controversiae,

206 1349 282 1416 quae
315 1326 354 1392 ad
385 1325 538 1391 Nouellum
570 1325 629 1391 hoc
660 1325 707 1390 vel
737 1325 794 1390 alio
825 1325 917 1390 modo
947 1326 1136 1411 respicientes
1169 1323 1220 1389 illo

206 1455 338 1532 tempore
361 1441 495 1529 undique
516 1439 748 1527 disputabantur
770 1437 807 1522 (e.
822 1463 852 1528 g.
871 1439 907 1506 de
930 1440 1070 1506 electione
1093 1452 1124 1505 et
1145 1439 1222 1504 diui·

207 1551 344 1640 sione¹⁷),
368 1578 507 1622 necnon
529 1556 565 1620 de
587 1556 699 1619 alterne
714 1554 842 1620 duorum
863 1576 982 1620 reorum
1005 1550 1220 1640 fidejussione),

207 1675 424 1738 accuratissime
447 1683 477 1758 et
499 1673 702 1758 copiosissime
724 1668 907 1742 reseruntur,
937 1669 1048 1735 nuliam
1071 1690 1105 1734 ea
1127 1681 1221 1736 aetate

208 1788 244 1854 de
267 1792 362 1875 ipsius
375 1786 525 1853 Novellae
547 1788 669 1851 materia
691 1785 932 1872 disceptationem
956 1783 1048 1850 fuisse
1070 1796 1219 1871 putamus.

206 1903 316 1970 Postea
336 1902 477 1969 Bartelus
500 1914 625 1991 prepter
647 1902 787 1968 alternam
813 1904 900 1967 istam
921 1901 1143 1988 fidejussionem
1165 1923 1221 1966 uo-

206 2039 277 2086 vum
299 2001 472 2086 beneficium
487 2017 613 2085 Novella
629 2017 691 2083 dari
715 2018 876 2084 arbitratus
895 2030 949 2096 est,
972 2030 1105 2105 ternpore
1123 2029 1220 2084 autem

206 2135 404 2214 antecedente,
428 2134 464 2200 de
487 2157 548 2223 quo
572 2134 620 2199 hie
643 2137 751 2223 agitur,
780 2156 814 2199 ea
838 2136 973 2220 quaestio
996 2145 1132 2220 respectu
1155 2146 1221 2198 tan·

206 2265 269 2318 tom
299 2254 423 2318 aetionis
445 2250 577 2318 mandati
601 2253 710 2316 carreis
737 2253 813 2316 inter
836 2271 868 2315 se
889 2247 1065 2316 tribuendae
1087 2247 1222 2337 disputa·

205 2369 303 2434 batur.
338 2366 436 2453 Quare
451 2389 547 2456 neqm
561 2367 623 2434 ulla
638 2388 727 2432 causa
742 2366 835 2446 adest,
854 2389 906 2434 eor
920 2366 1067 2432 Doctores
1082 2365 1220 2433 laudatos

206 2486 380 2551 dissensisse
414 2487 612 2572 suspicemur,
648 2505 702 2549 nee
736 2485 868 2572 cujusvis
902 2486 1052 2572 opinionis
1087 2483 1220 2552 diversae

205 2601 287 2690 apud
314 2602 406 2690 hujus
434 2612 487 2665 aut
507 2603 708 2687 posteriorum
732 2600 917 2666 saeculorum
940 2604 1118 2691 scriptores,
1142 2621 1220 2688 quos

204 2719 350 2806 pervolui,
373 2719 484 2781 mentio
506 2715 549 2780 fit.

271 2833 402 2899 Joannes
422 2824 624 2915 Bassianus¹⁸)
654 2844 684 2896 et
704 2824 812 2914 Anat)
837 2835 1007 2920 opinionem
1036 2851 1221 2902 mmmunem

206 2971 346 3037 expresse
369 2947 555 3035 profitentur.
587 2943 677 3030 Quod
700 2946 738 3011 ad
752 2947 929 3012 Aeeursium
952 2949 1089 3034 pertinet,
1111 2947 1221 3016 Barto·

206 3055 297 3146 lus¹⁰)
319 3065 352 3126 in
374 3084 428 3127 sua
452 3065 592 3149 opinione
615 3061 789 3148 explicanda
811 3061 849 3127 ad
868 3060 991 3128 Giussae
1013 3067 1219 3130 auctoritatem

205 3179 392 3267 provocavit,
416 3179 458 3242 ita
481 3189 516 3241 ut
529 3177 691 3243 Aeeursius
715 3178 836 3244 eandem
860 3181 1032 3245 sententiam
1055 3180 1158 3247 tulisse
1175 3183 1220 3246 vi·

206 3295 333 3364 deretur.
374 3291 434 3360 Sed
456 3306 516 3358 tam
540 3315 574 3360 ea
593 3297 658 3382 ipsa
683 3287 835 3383 glossa²¹),
859 3317 919 3383 qua
940 3294 1080 3363 Bartolos
1103 3299 1217 3376 nititur,

264 3512 297 3584 17)
319 3513 353 3570 V.
372 3511 441 3586 522.
469 3543 504 3554 -
532 3513 566 3584 ²⁸)
589 3513 692 3570 Summa
709 3513 725 3568 l.
739 3514 754 3569 i

258 3613 292 3682 19)
316 3610 420 3668 Summa
436 3613 463 3666 in
480 3613 532 3668 Tit
551 3613 577 3669 C.
590 3612 620 3667 de
632 3612 691 3668 duo.
702 3631 723 3668 r.
741 3631 778 3668 nr.
793 3614 833 3668 10.

258 3709 292 3779 ²⁰)
315 3709 407 3766 Bar-toli
424 3727 438 3764 a
457 3709 613 3766 Saxoierrato
626 3710 687 3783 Opp.
700 3712 733 3767 Τ.
744 3712 790 3767 Ν.
805 3711 901 3767 domm.
911 3713 937 3766 in
948 3710 995 3768 ΧΠ
1006 3709 1059 3768 ttr.
1071 3711 1131 3770 (iod
1144 3712 1218 3770 Stud.

204 3816 229 3864 et
246 3827 285 3880 op.
303 3808 355 3863 dac.
367 3808 511 3864 coucmatii.
529 3807 603 3864 Basil.
618 3809 686 3866 1562
705 3811 736 3865 ad
753 3810 804 3866 'Iit
818 3810 844 3866 0.
856 3812 894 3865 cit
914 3809 992 3866 aad.
1008 3811 1062 3866 Hoc
1079 3813 1112 3865 ita
1124 3828 1161 3866 or.
1173 3811 1217 3868 28.

256 3905 291 3976 ²¹)
314 3904 352 3962 Gi.
370 3905 469 3962 interim
492 3907 523 3962 ad
545 3907 610 3963 Nou.
627 3907 674 3963 99:
698 3909 788 3964 »donec
812 3916 924 3982 appareat
947 3925 990 3964 eos
1014 3925 1067 3965 esse
1090 3908 1215 3976 solvendo,

204 4005 246 4076 qui
264 4011 400 4077 praesentes
419 4013 497 4061 sunt·
