2936 4554
651 316 811 416 ‚ost-

223 493 394 575 Heimbach‚
419 519 480 585 quo
503 496 582 562 illam
604 497 745 582 rejiceret,
769 519 836 560 enm
857 499 992 585 potnerit
1013 493 1125 564 afferre.
1161 493 1236 563 Nam

224 636 289 679 cum
317 614 522 701 Epitomator‚
552 615 576 676 si
605 611 647 675 illi
675 614 706 676 in
735 613 863 678 solidum
893 617 984 679 teneri
1015 636 1046 678 se
1072 613 1145 679 velle
1175 636 1236 678 non

222 705 423 816 promiserint,
448 751 509 794 non
530 739 645 794 tantum
670 727 761 792 dicat:
785 751 908 794 »omncs
924 751 961 794 ex
978 750 1074 818 aequo
1091 732 1236 794 actionem

222 839 404 933 patiunlun«
428 843 480 910 sed
504 843 636 932 adjiciat:
659 848 734 907 »καὶ
748 840 847 919 ἄλλος
869 840 941 910 ἄντ’
957 839 1063 909 ἄλλον
1084 837 1144 911 ov'ac
1165 843 1237 909 svs-

222 982 338 1041 χεται,«
359 961 580 1048 fidejussionem
598 973 731 1026 mutuam
746 960 880 1048 liqueret,
905 963 930 1024 si
954 982 1029 1048 quae
1046 963 1154 1026 revera'
1163 963 1236 1026 inita
1279 961 1283 970 '

222 1090 308 1155 esset,
333 1079 414 1142 omni
437 1076 541 1143 effectu
563 1079 684 1165 privari.
723 1074 798 1142 Nam
820 1080 846 1141 is
870 1098 1004 1165 quoque,
1033 1079 1085 1164 qui
1107 1089 1143 1141 ut
1163 1076 1236 1142 fide-

217 1193 323 1280 jussor
337 1206 463 1270 tenetur,
487 1195 590 1279 utique
606 1215 661 1279 pro
678 1193 736 1257 alio
755 1205 882 1258 tenetur.
911 1191 1033 1281 Opponi
1048 1215 1109 1258 non
1124 1204 1234 1280 potest,

221 1309 456 1397 Epitomatorcm
470 1307 633 1373 Indicativo
657 1330 745 1372 usum
769 1329 842 1385 esse,
866 1329 932 1372 cum
955 1311 986 1372 in
1004 1308 1134 1374 secundo
1150 1331 1236 1396 prae-

222 1437 324 1512 cepto,
349 1445 409 1510 quo
434 1422 470 1488 de
494 1445 596 1488 omnes
618 1426 822 1500 consentiunt,
847 1422 972 1489 cundem
994 1423 1088 1489 Verbi
1108 1425 1235 1490 Modum

222 1539 402 1605 adhibuerit.
428 1576 465 1588 -

289 1653 379 1738 Quod
406 1667 503 1721 autem
533 1653 571 1720 ad
597 1666 731 1720 nostram
762 1656 912 1742 opinionis
942 1658 1106 1722 communis
1136 1655 1235 1723 desen·

222 1773 335 1838 sionem
357 1774 499 1859 pertinet,
530 1769 621 1836 verba
644 1767 854 1854 »ὁμολογεῖν
877 1784 907 1836 et
930 1762 1127 1855 »ductoria«
1148 1795 1235 1859 prae·

221 1890 307 1975 cipue
330 1886 368 1952 ad
391 1887 612 1974 stipulationem
635 1886 775 1952 videntur
798 1901 944 1975 spectare,
972 1889 1056 1975 eujus
1079 1891 1122 1953 rei
1144 1900 1234 1954 testes

221 2001 362 2069 afferendi
384 2015 456 2068 sunt
468 2002 597 2090 Vigerus
621 2015 650 2068 et
664 1995 785 2090 Pape²),
809 2003 890 2089 apud
913 2026 999 2091 quem
1017 2003 1152 2092 exempla
1166 2026 1235 2091 per·

220 2119 313 2185 multa
336 2119 461 2207 allegata
483 2131 563 2182 sunt.
608 2117 677 2183 Vim
701 2119 924 2206 stipulationis,
940 2142 999 2208 qua
1021 2122 1234 2187 numerationis

220 2234 340 2302 effectus
368 2235 494 2312 tollitur,
517 2245 672 2322 pernotant
694 2208 838 2299 babemus
861 2257 899 2300 ex

331 2351 365 2416 L.
382 2347 413 2416 6.
438 2347 456 2432 ἓ
475 2347 489 2415 1
515 2362 545 2414 et
567 2348 638 2414 Ι,.7
663 2349 699 2416 de
721 2351 945 2430 novationibus‚

220 2480 250 2533 et
272 2470 412 2555 quoniam
428 2466 477 2531 illa
492 2465 583 2532 verba
607 2488 727 2533 »ornnes
750 2490 787 2534 ex
803 2489 898 2556 aequo
914 2470 1059 2534 actionem
1075 2472 1231 2548 sustinent,

219 2604 315 2670 neque
338 2584 412 2647 alins
436 2604 492 2669 pro
514 2582 571 2647 alio
587 2595 725 2649 tenetur«
750 2584 788 2649 ad
811 2584 959 2651 debitores
982 2607 1039 2673 pro
1062 2599 1156 2673 parte,
1181 2589 1232 2673 qui

220 2710 250 2764 et
271 2700 394 2763 invicem
417 2697 608 2784 fideJ'ussores
632 2711 711 2776 sunt,
735 2699 838 2765 relerri
860 2724 921 2765 non
944 2714 1081 2787 possunt,
1106 2701 1144 2767 ad
1165 2723 1232 2767 reos

204 2811 412 2899 ,promittendi
434 2825 531 2876 autem
554 2825 698 2900 possunt,
723 2837 760 2879 ex
783 2817 830 2879 his
854 2836 973 2902 qnoque
997 2815 1133 2903 colligere
1154 2817 1231 2894 licet,

221 2923 466 3012 »ottqtcyrv'og
489 2925 752 3011 daveedopedaovc«
776 2927 852 2994 dnos
868 2951 935 2995 reos
951 2929 1143 3017 promittendi
1157 2952 1230 2997 esse.
1292 2929 1294 2932 ’

221 3041 338 3125 Quodsi
361 3045 428 3130 quis
453 3041 589 3129 objiciat,
612 3043 862 3131 Epitomatorem‚
887 3047 939 3132 qui
962 3066 1013 3110 eos
1036 3067 1097 3110 non
1119 3050 1232 3133 prorni-

178 3215 191 3232 ‚
221 3160 294 3222 sisse
318 3151 393 3243 (νμῆ
418 3153 654 3243 decl-drepente)
677 3163 841 3249 scripserit,
871 3161 1091 3248 stipulationem
1116 3184 1230 3228 omnem

220 3273 402 3350 exclusisse,
434 3272 525 3339 verba
559 3274 714 3363 diligenter
747 3289 777 3342 et
809 3289 918 3343 attente
952 3277 1144 3365 perpendisse
1169 3302 1231 3345 non

219 3387 347 3455 videtur.
381 3388 497 3455 Etenim
516 3393 645 3478 primurn
662 3393 861 3479 quaerendum
876 3406 962 3473 esset,
988 3393 1141 3483 quomodo
1158 3417 1231 3484 pro-

219 3509 320 3571 missio
355 3509 476 3570 omnino
512 3529 574 3572 non
601 3506 678 3572 sacta
706 3512 820 3597 opponi
847 3524 951 3597 posset
978 3514 1170 3599 promissioni
1199 3515 1231 3578 in

218 3623 346 3688 solidum
375 3621 483 3700 factae,
512 3644 578 3687 cum
608 3624 737 3690 solidum
765 3638 794 3692 et
821 3639 920 3712 partes
948 3627 1082 3717 quidem,
1112 3632 1230 3694 minime

218 3751 315 3804 antem
342 3743 501 3826 promissio
532 3762 593 3804 non
621 3739 698 3804 lacta
725 3754 755 3836 et
782 3745 812 3805 in
841 3742 969 3808 solidum
997 3743 1073 3808 lacta
1099 3747 1176 3808 inter
1199 3767 1229 3809 se

218 3858 381 3920 contrariae
405 3859 474 3932 sint,
499 3854 612 3934 deinde,
638 3877 724 3943 quern
748 3857 895 3924 adfinem
919 3881 1004 3924 casus
1023 3860 1084 3924 ille:
1110 3863 1230 3925 »sinon

271 4006 294 4077 ²)
319 4009 424 4080 Vigeruc
442 4009 459 4063 l.
471 4009 488 4064 l.
508 4009 534 4066 C.
548 4011 581 4066 V.
600 4011 684 4067 s.1x.
703 4030 739 4067 nr.
755 4013 777 4067 l.
806 4013 870 4086 Pape
888 4013 905 4068 l.
916 4013 931 4068 l.
951 4032 971 4069 s.
989 4015 1013 4068 b.
1027 4032 1050 4070 v.
1118 3989 1121 3995 Ι
