2952 4556
762 315 807 396 tt

700 393 860 422 »la-q...—

272 497 395 566 ccrreali
416 519 454 564 ex
469 500 527 564 ista
542 496 630 563 solidi
644 498 843 585 promissione
856 508 993 564 nascente
1005 501 1172 577 conveniat,
1190 512 1289 568 umen

272 615 469 702 explicatione
496 609 632 680 beneficti
658 610 799 679 Novellae
829 616 961 700 inspecta
994 635 1056 680 non
1085 613 1288 683 dubitavimus

273 731 452 819 singularem
480 731 732 816 interpretationis
761 728 854 816 hujus
882 728 1115 818 elegantissimae
1143 733 1289 799 rationem
1357 747 1362 758 ’

272 846 392 914 babere.
413 846 531 912 Primus
544 848 621 911 enim
634 847 764 910 omnium
779 845 814 912 de
825 845 997 935 Vangercvv
1010 845 1198 924 differentias,
1212 869 1288 936 quae
1350 869 1354 874 ·

271 967 350 1029 inter
365 962 508 1028 auxilium
520 959 598 1027 Nov.
612 957 654 1027 99
671 974 701 1027 et
715 961 855 1027 beneficia
872 965 1059 1028 excussionis
1076 975 1105 1028 et
1120 963 1287 1041 divisionis,

271 1078 360 1167 qutle
384 1077 500 1168 vulgari
522 1099 561 1142 ex
584 1081 725 1164 opinione
748 1080 907 1165 accipitur,
930 1077 1127 1158 intercedant,
1155 1074 1289 1146 subtilis·

266 1171 346 1268 ‘sime
377 1197 519 1282 cognovit
547 1196 823 1281 accuratissimeque
851 1193 1023 1282 descripsit,
1053 1206 1082 1259 ct
1108 1215 1287 1284 quamquam

257 1321 310 1376 'ec
334 1319 396 1374 ndu
420 1312 563 1396 pervenit,
587 1321 622 1374 ut
644 1308 817 1374 beneficium
840 1307 982 1376 Novellae
1005 1323 1035 1376 et
1057 1283 1201 1376 auxilium
1217 1311 1289 1399 Epi·

270 1427 368 1491 stulae
391 1425 420 1492 d.
437 1425 579 1492 Hadriani
601 1426 777 1514 intelligeret
799 1427 876 1491 inter
905 1449 936 1491 sc
964 1447 1141 1514 congruere,
1172 1418 1289 1494 omne'm

273 1553 371 1608 tamen
392 1563 426 1608 ea
447 1563 531 1607 exre
555 1544 802 1628 vituperationem
827 1542 941 1618 evadet,
966 1545 1077 1630 quippe
1100 1545 1152 1630 qui
1174 1565 1236 1608 non
1257 1546 1290 1609 in

254 1657 425 1735 *Novellae
449 1656 503 1722 sed
525 1656 561 1724 de
584 1658 735 1746 Epistulae
757 1657 886 1724 remedio
909 1657 1059 1724 laberetur
1081 1680 1190 1724 errore.

262 1776 267 1795 '
342 1775 424 1860 Quae
440 1777 472 1839 in
487 1767 663 1858 sententia²)
675 1775 905 1864 Vangeroviana
917 1775 1012 1862 ipsius
1023 1778 1152 1839 auuoris
1165 1779 1290 1864 propria

275 1903 355 1968 sunt,
379 1912 481 1956 eorum
504 1893 613 1977 partim
635 1892 666 1954 in
688 1889 880 1977 fidejussione
904 1903 1006 1956 mutua
1028 1884 1217 1978 explanata⁸l
1241 1915 1289 1959 ra·
1326 1952 1329 1956 .

274 2011 385 2073 tionem
407 2003 576 2081 habuimus,
600 2009 707 2093 partim
730 2006 877 2071 hocloco
902 2007 1087 2073 babebimus.
1120 2006 1237 2090 Quibus
1253 2007 1290 2076 de

274 2121 364 2188 rebus
386 2125 513 2209 primum
536 2121 663 2208 objectio
684 2143 739 2210 per
758 2121 945 2189 Ludovicum
965 2117 1196 2206 Rueckertum‘)
1215 2121 1290 2190 iacta

276 2238 325 2303 bic
340 2238 527 2326 agnoscenda
544 2251 597 2314 eet,
615 2238 692 2315 inde,
710 2238 794 2327 quod
807 2241 972 2328 Imperator
987 2239 1119 2306 debitum
1135 2261 1290 2306 commune

276 2366 305 2420 et
331 2367 429 2442 partes
458 2353 496 2418 ad
529 2352 677 2419 debitores
704 2354 838 2444 singulos
873 2367 1038 2444 spectantes
1073 2359 1288 2434 memoraverit,

271 2466 356 2555 justo
372 2468 441 2553 plus
458 2468 566 2556 colligi,
586 2468 814 2536 emolumentum
829 2473 951 2560 aequale
967 2495 982 2537 e
998 2475 1120 2560 negotio
1136 2485 1288 2538 contracto

276 2583 316 2650 ad
337 2595 497 2671 utrumque
521 2583 568 2647 vel
597 2606 837 2676 unumquemque
864 2609 984 2653 reorum
1013 2592 1193 2674 pervenisse.
1240 2587 1291 2654 Sic

277 2699 385 2764 lactum
402 2711 455 2775 est,
480 2711 514 2764 ut
530 2698 702 2787 Vangerow
717 2679 803 2788 plane
819 2702 857 2769 ad
873 2703 998 2768 nihilum
1020 2701 1183 2780 reduxerit,
1208 2703 1292 2792 quod

276 2814 439 2882 Hcimbach
455 2814 490 2879 dc
507 2828 612 2882 mutuo
627 2817 836 2906 Imperatorem
851 2819 984 2884 locutum
1008 2812 1102 2901 esse⁸l
1127 2818 1289 2884 admonuit.

275 2932 372 2998 Porro
396 2931 583 2998 lustinianus
606 2956 667 2998 non
690 2936 732 2998 ita
753 2956 815 2999 rem
838 2937 1008 3023 proposuit,
1034 2936 1114 3000 acci
1136 2934 1294 3000 ducaaiut

269 3049 483 3140 fidejussionis
504 3060 629 3115 mutuae
651 3053 776 3137 species,
801 3050 963 3140 dequibus
986 3051 1143 3116 locuturus
1165 3052 1213 3127 sit,
1238 3049 1291 3115 scd

275 3166 326 3240 ita,
352 3176 386 3228 ut
400 3162 438 3227 ab
460 3165 560 3253 aliquo
584 3157 658 3228 a'tt.
674 3161 867 3241 ὕποθύνους
889 3179 1025 3255 acceptos
1048 3187 1111 3230 csse
1128 3165 1214 3241 dicat,
1239 3169 1291 3254 qui

277 3281 381 3342 autin
405 3279 533 3342 solidum
562 3301 594 3342 se
622 3279 695 3344 velle
723 3284 817 3346 teneri
846 3283 1029 3368 adjacerent,
1061 3294 1114 3347 aut
1140 3305 1204 3348 aava
1233 3283 1290 3348 cd-

267 3395 410 3479 jecerint.
442 3391 511 3457 ldeo
527 3393 700 3482 Vangerow
724 3418 825 3462 vocem
848 3401 1044 3483 προςτίθημι
1066 3397 1140 3464 false
1162 3397 1291 3465 reddidit

278 3507 509 3594 (fidejussionem
525 3523 658 3576 mutuam
682 3511 792 3600 duplici
815 3513 905 3579 modo
928 3514 1004 3579 iniri
1026 3511 1139 3603 posse),
1163 3514 1289 3602 quodsi

276 3637 378 3713 neget,
404 3628 538 3714 quaestio
562 3629 588 3693 ei
613 3628 792 3717 opponenda
816 3643 874 3707 cst,
899 3630 1149 3719 quemadmodum
1173 3652 1211 3695 ex
1235 3629 1291 3696 du·

276 3742 345 3830 plici
369 3737 441 3807 ott.
457 3740 656 3814 ὑπευθύνων
679 3745 860 3835 obligatione
885 3745 1096 3836 obligationem
1112 3769 1202 3812 unam
1225 3767 1292 3812 cor·

330 3901 353 3969 ²)
377 3902 426 3958 cu.
446 3901 498 3972 58.
527 3934 561 3944 -
589 3903 610 3973 ³)
635 3905 668 3960 V.
688 3903 759 3976 §lu
787 3932 821 3944 —
847 3899 870 3972 ⁴)
893 3902 1015 3958 llueclrert
1032 3921 1057 3975 p.
1069 3903 1113 3958 41.

331 3991 353 4062 ⁵)
379 3991 429 4047 cn.
448 3991 463 4063 ἕ
477 3991 517 4047 14.
530 3992 571 4048 ΙΙΙ,

1459 3565 1465 3636 l
