2936 4554
629 316 787 418 Q

192 493 311 584 ferret,
341 515 400 584 qua
429 497 471 562 illi
495 516 665 564 corneorum
689 496 851 563 conditioni
883 512 1075 566 succurreret.
1114 500 1216 590 Atque

200 614 359 699 praeterire
386 613 558 690 nonlicet,
592 613 665 678 nihil
695 613 872 700 legislatoris
902 613 1083 691 interfuisse,
1115 628 1215 681 utrum

200 749 320 793 eorreos
343 725 476 794 invicem'
490 727 661 816 fidejubere,
686 751 722 792 an
746 732 869 795 invicem
893 729 1072 795 intercedere
1096 730 1214 808 diceret,

200 846 270 932 quia
288 843 412 909 alterum
428 843 560 932 perinde,
584 857 672 932 atque
696 844 820 911 alterum
840 843 1031 934 obligationis
1053 867 1158 934 genus,
1181 858 1217 911 ut

132 937 135 944 ¹
198 962 304 1025 merito
327 959 440 1025 Anton.
457 958 554 1025 Faber
582 959 751 1038 contendit,
781 974 891 1028 certum
921 973 951 1027 et
978 960 1129 1026 delinitum
1145 973 1214 1037 est.

198 1096 295 1164 neque
311 1075 347 1141 de
365 1078 434 1162 jure
457 1075 496 1141 ad
512 1075 723 1164 obligationem
746 1075 903 1148 correaiem
919 1076 1007 1142 valet.
1035 1077 1126 1142 lmmo
1144 1098 1215 1142 vero

198 1191 257 1256 hoe
268 1190 365 1256 solum
376 1191 540 1279 Imperator
555 1195 708 1279 spectavit,
723 1205 882 1281 utrumque
898 1205 950 1259 eut
961 1193 1084 1258 alterum
1101 1214 1216 1280 semper

199 1327 301 1372 revera
329 1329 386 1394 pro
418 1307 511 1371 altero
540 1307 707 1372 obnoxium
737 1329 815 1385 esse,
852 1308 920 1374 lieet
946 1307 1107 1373 seeundum
1137 1310 1215 1394 juris
1308 1335 1312 1352 =

199 1419 324 1487 formam
352 1420 554 1508 principaliter
584 1419 703 1498 debeat,
735 1434 764 1487 et
793 1443 858 1486 enm
887 1421 1030 1510 Savignio
1055 1422 1214 1500 afferimus,

199 1538 326 1623 primum
356 1556 457 1600 casum
485 1556 670 1600 communem
695 1557 759 1601 esse
788 1548 818 1600 et
838 1539 947 1602 rationi
975 1537 1102 1603 naturali
1130 1541 1216 1602 unice

200 1663 446 1727 consentaneum,
482 1672 661 1738 quamquam
696 1650 822 1716 abusum
852 1650 1043 1739 obligationis
1078 1653 1215 1718 eorrealis

139 1757 141 1764 ’
198 1768 280 1833 illurn
304 1769 453 1854 expressis
476 1767 761 1852 jurisconsultorum
790 1780 820 1833 et
841 1767 1012 1855 Principum
1038 1770 1215 1834 testimoniis

200 1881 388 1950 obstantibus
410 1885 528 1948 minime
545 1882 665 1948 infitiari
683 1905 854 1969 possumus.
877 1885 979 1972 ltaque
995 1884 1032 1948 ad
1052 1882 1126 1948 illud
1141 1884 1215 1949 Bar-

198 2000 254 2064 toli
283 1998 504 2087 quodammodo
535 1997 718 2064 redeundum
747 2012 805 2065 est:
840 1999 1019 2086 »fidejussor
1049 2039 1085 2049 -
1115 2012 1216 2087 potest

198 2118 286 2180 etiam
310 2115 412 2202 accepi
432 2114 520 2201 lorge
543 2117 654 2190 omnis,
684 2117 740 2202 qui·
759 2127 804 2180 est
827 2115 976 2204 obligatus
1001 2138 1057 2203 pro
1081 2120 1212 2204 negotio,

199 2230 282 2320 quod
304 2229 342 2295 ad
365 2230 454 2295 aliurn
478 2241 591 2317 spectat
614 2253 675 2296 uon
698 2229 737 2295 ad
760 2252 823 2308 se«,
849 2232 894 2296 vel
917 2230 955 2296 ad
975 2229 1138 2318 Cujaeium,
1162 2235 1214 2320 qui

102 2391 104 2394 -
199 2345 285 2411 dicit:
308 2369 390 2412 »non
413 2345 496 2433 quod
520 2349 582 2411 viee
606 2359 709 2411 mutua
732 2345 923 2432 fidejussores
945 2349 1020 2424 ciret,
1048 2350 1161 2412 etiamsi
1183 2348 1214 2412 id

146 2497 149 2502 ·
198 2475 317 2528 cautum
340 2484 401 2528 non
425 2465 472 2540 sit,
498 2461 551 2527 sed
574 2462 657 2550 quod
680 2484 718 2528 ac
735 2463 763 2528 εἰ
778 2473 875 2530 essent
896 2487 925 2529 v.
942 2487 980 2528 nr.
996 2462 1213 2549 fidejussores«

662 2637 749 2722 soe.

209 2773 260 2838 lv.
285 2772 384 2857 Quae
406 2770 572 2837 sortasse
591 2769 707 2836 fuerit
730 2776 878 2838 occasio
900 2773 993 2861 legis
1015 2773 1202 2840 ferendae.

266 2922 428 3010 Postquam
452 2924 494 2986 ita
516 2921 753 3007 conjunctionem
769 2921 962 2987 Novellarum
984 2945 1082 2989 veram
1105 2946 1215 3012 perno-

199 3031 306 3116 vimus,
329 3048 512 3126 postremum
536 3038 667 3100 rationes
683 3036 905 3123 investigandae
923 3048 1002 3115 sunt,
1027 3038 1136 3126 quibus
1153 3038 1215 3104 ior·

199 3166 277 3218 tasse
299 3152 451 3240 legislator
471 3151 617 3216 adductus
641 3153 689 3228 sit,
713 3163 748 3216 ut
766 3155 875 3217 correis
898 3151 1040 3218 beneficio
1058 3154 1213 3220 divisionis

199 3270 381 3336 subveniret.
1192 3277 1195 3282 '

264 3384 331 3472 lpse
344 3384 508 3472 Imperator
530 3381 680 3470 praelatus
703 3396 758 3462 est,
781 3380 974 3450 Novellamd
995 3387 1096 3453 utilem
1119 3387 1211 3475 legem

199 3500 305 3578 luisse,
333 3500 433 3565 utilem
458 3512 487 3565 et
509 3520 571 3564 earn
595 3498 674 3576 iore,
699 3519 775 3588 qnae
797 3522 877 3566 nunc
898 3499 1019 3568 ferenda
1042 3505 1090 3568 sit.
1128 3503 1213 3570 Unde

200 3609 384 3698 Girtanner¹)
401 3616 554 3692 conclusit,
579 3637 637 3680 usu
655 3619 895 3681 commerciorum
912 3631 1035 3706 cogente
1052 3641 1117 3684 enm
1134 3641 1214 3684 com-

198 3744 312 3798 motum
336 3754 415 3809 esse,
445 3744 481 3798 ut
501 3755 555 3819 per
576 3728 729 3797 Novellam
754 3745 885 3798 nostram
910 3734 1112 3811 difficultates,
1137 3723 1213 3822 quae

186 3869 215 3911 ·e
237 3845 356 3913 blond
378 3859 463 3914 natae
486 3860 598 3926 essent,
623 3846 764 3927 aulerret,
790 3853 862 3935 quin
884 3849 1041 3917 Girtanner
1063 3834 1211 3938 poposcit,

253 4005 275 4073 ι)
300 4003 426 4058 onoma
443 4021 468 4074 p.
482 4002 542 4069 aar,
555 4001 580 4057 a.
