2936 4554
654 301 814 406 Q

227 483 350 572 intclligi
371 505 435 550 non
456 503 560 572 posse,
588 483 641 548 scd
662 484 743 550 hunc
765 505 884 549 sensnm
907 483 1040 549 latiorem
1063 482 1182 562 habere,
1207 495 1243 550 nt

227 601 301 665 altcr
321 622 378 688 pro
401 600 493 665 altero
516 611 662 664 tencatur.

291 715 339 780 Ill.
372 715 503 781 loannes
529 715 662 781 Zonaras
686 711 807 797 (Annal.
825 714 862 780 T.
877 715 924 780 lll.
948 738 979 803 p.
998 712 1075 800 179)
1099 715 1135 781 de
1159 714 1240 782 Con·

227 835 356 898 stantino
378 832 646 920 Porphyrogcncta
668 832 782 898 retulit:

185 943 189 950 ’
313 946 528 1032 ’ἐδογμάτισε
555 941 614 1022 τὰς
640 948 706 1013 τῶν
734 943 953 1013 ἀπολωλότων
978 947 1140 1012 ταπεινῶν
1162 961 1240 1013 σον-

337 1062 460 1138 τιλελας
497 1063 745 1150 οῑςπράττοσθαι
782 1062 819 1130 ἔτι
851 1063 915 1130 τῶν
949 1062 1107 1132 δονάτοον.
1143 1063 1239 1130 τοῦτο

340 1176 509 1266 δ’λκλήθιγ
532 1175 761 1266 ἄλλγλέγγοον,

226 1297 309 1386 qood
330 1299 372 1362 ita
395 1295 569 1362 vertendum
592 1309 653 1362 est:

333 1415 425 1500 jussit
458 1409 569 1478 tributa
601 1435 766 1500 pauperum
800 1434 819 1476 a
851 1411 1049 1500 locupletibus
1077 1414 1167 1500 exigi.
1204 1411 1239 1476 ld

336 1543 433 1594 antem
457 1523 676 1615 ἄλληλέγγοον
697 1526 871 1594 vocabatur.

226 1643 342 1730 Quodsi
365 1645 403 1711 ad
420 1641 639 1730 ἆλληλέγγοον
653 1667 717 1710 vox
731 1646 865 1730 »χρέοςι
889 1655 965 1709 esset
981 1642 1236 1733 subintelligenda,

224 1761 309 1851 qnod
336 1760 454 1849 quidem
482 1764 581 1828 minus
604 1761 751 1848 eleganter
772 1760 870 1839 ficret,
903 1763 973 1847 quia
995 1759 1128 1826 Zonaras
1151 1774 1237 1826 antca

224 1875 446 1953 »σοντελιίαςε
475 1879 607 1965 scripsit,
637 1889 690 1941 aut
717 1879 743 1940 si
771 1871 844 1942 ἄλλ.
870 1875 1097 1964 proverbialiter
1125 1877 1236 1943 dictum

224 1996 276 2072 sit,
312 2007 410 2061 tamen
438 2016 499 2059 non
527 1995 621 2081 magis
650 2005 753 2058 contra
782 1995 951 2081 opinionem
978 2005 1110 2058 nostram
1139 1992 1236 2058 afferri

222 2121 332 2198 potest
357 2132 445 2198 quam
468 2109 664 2200 fragmentum
687 2108 893 2206 Theophanis.

686 2285 775 2372 §aa

223 2420 254 2488 2.
292 2423 322 2487 li
350 2423 438 2501 loci,
465 2425 501 2488 in
531 2421 670 2509 quibus
692 2420 872 2487 Novellae
900 2434 1051 2488 nostrae
1075 2425 1234 2510 epitomc

616 2538 844 2603 continetur.

287 2690 309 2753 l.
346 2688 426 2754 Tum
442 2681 633 2772 Hcimbach¹)
656 2691 805 2777 epitomen
820 2687 961 2754 Novellac
983 2689 1059 2755 hanc
1082 2691 1232 2777 antiquam

222 2829 238 2872 c
269 2805 378 2874 Codice
400 2805 566 2894 Rodlejano
595 2800 709 2887 (3339)
737 2817 905 2893 excerptam
936 2803 974 2870 ad
1001 2804 1232 2893 disputationem

221 2937 352 2989 nostram
376 2922 489 2988 attulit:

334 3035 376 3105 Oi
397 3035 620 3122 ἀλληλεγγύως
635 3035 854 3122 δανειζόμενοι
868 3034 929 3104 ἔαν
941 3033 985 3124 μοὶ
1002 3033 1232 3124 ὁμολογήσωσι,

332 3153 412 3218 ὥστε
434 3155 494 3220 ἕνα
516 3152 553 3231 ἐξ
575 3149 683 3218 αὐτῶν
705 3153 751 3228 οἶς
771 3149 807 3218 τὰ
825 3153 894 3220 πᾶν
909 3153 1091 3234 ἐνέχεσθαι,
1114 3154 1233 3228 πάντες

331 3268 368 3348 ἐξ
390 3272 462 3334 ἴσον
483 3261 672 3335 ὕποιιιτνται
693 3271 749 3332 καὶ
764 3263 864 3347 ἄλλος
881 3265 953 3336 ἄντ’
969 3266 1073 3336 ἄλλον
1088 3265 1147 3336 οὐκ
1162 3268 1232 3335 ἐνέ-

330 3399 435 3466 χεται·
454 3380 525 3460 ’ζαν
553 3384 591 3449 δὲ
612 3377 832 3471 ὁμολόγησον,
859 3382 903 3462 ὡς
930 3382 975 3464 aig
1003 3389 1148 3463 ἕκαστος,
1177 3388 1233 3449 καλ

330 3497 411 3587 ὑπὲρ
433 3500 498 3566 τῶν
520 3495 731 3587 ἀπορούντων
751 3500 788 3579 ἐξ
810 3497 919 3568 αὐτῶν
940 3501 1091 3583 ἐνέχεται.

220 3617 278 3703 Qui
300 3617 384 3683 locus
406 3629 466 3682 tam
490 3617 565 3682 clare
589 3618 726 3695 ostendit,
751 3617 904 3684 Novellam
928 3641 966 3684 cx
988 3621 1130 3705 opinione
1151 3640 1231 3684 corn·

217 3739 299 3801 muni
322 3747 399 3801 recte
422 3734 571 3820 explicari,
595 3747 629 3800 ut
646 3737 697 3798 vix
712 3735 834 3822 intelligi
850 3737 955 3820 possit,
981 3733 1230 3822 quemadmodum

273 3907 293 3974 ¹)
316 3907 603 3964 Hcimbach’Avaxdoroe.
619 3907 692 3964 1840.
706 3908 738 3964 Τ.
752 3909 770 3962 l.
783 3925 807 3979 p.
821 3907 882 3962 264.
901 3907 1015 3963 Zeitschr.
1029 3907 1047 3962 f.
1061 3907 1112 3964 (liv.
1124 3909 1154 3963 R.
1164 3925 1190 3962 u.
1201 3908 1229 3962 P.

216 4003 263 4058 Bd.
276 4004 345 4060 xvt.
364 4022 388 4075 p.
400 4002 435 4060 29
448 4024 502 4077 sqq.
