2936 4554
668 285 829 385 „Q

237 470 384 560 particula
406 462 497 554 πὲρἿ
513 463 568 552 (ἐξ
583 457 703 550 οὗπερ)
719 469 929 554 cogitationem
951 467 1053 534 induci
1074 473 1251 536 contrariam

239 585 394 675 significat
422 585 586 672 Imperator
607 586 699 672 igitur
721 578 794 647 ἀλλ.
812 577 1020 659 ὑπευθύνους
1044 579 1250 670 (maironem

240 723 386 792 quemque
400 722 456 789 pro
472 703 556 788 parte
570 703 694 788 propria
708 693 932 785 ἇλληλεγγύως
944 699 1120 768 deerrante
1134 701 1252 790 expiere

234 817 336 906 jubet,
366 839 405 882 cx
427 837 487 904 quo
512 815 631 904 quidem
655 810 789 897 (nmen)
814 818 934 880 omnino
957 819 1000 882 rei
1023 814 1092 882 iacti
1116 819 1185 883 sint.
1212 851 1249 868 -

241 932 323 1017 Quae
345 934 437 1021 igitur
458 935 596 998 notiones
619 930 656 996 ab
677 932 857 1019 Imperatore
880 933 957 997 inter
979 955 1012 998 so
1035 932 1252 1020 opponuntur?

239 1049 425 1124 Δανεισθέν
448 1069 514 1113 cnm
535 1047 684 1112 vinculum
709 1049 748 1112 sit
770 1049 1014 1135 comparationis,
1037 1071 1100 1114 non
1121 1051 1180 1114 nisi
1201 1062 1254 1115 aut

239 1162 341 1229 Verbo
365 1160 576 1248 ἐκπληρῶσαι,
597 1174 650 1228 aut
663 1161 816 1228 Advcrbio
836 1158 1059 1248 ἅλληλεγγύως
1080 1166 1165 1229 notio
1182 1187 1253 1230 con-

240 1282 330 1346 traria
359 1281 536 1345 continetur.
568 1277 645 1363 Quia
668 1291 766 1344 antem
788 1276 991 1364 ἐκπληρῶσαι
1012 1278 1052 1344 ad
1073 1280 1253 1346 solutionem

241 1395 433 1484 obligationis
455 1397 584 1483 respicit,
609 1392 713 1470 »ὅλως
727 1391 852 1476 tropos«
869 1407 967 1461 antem
990 1394 1112 1461 modum
1134 1395 1254 1462 tenendi

240 1512 288 1578 vel
310 1513 436 1600 speciem
458 1509 649 1599 obligationis
673 1523 794 1598 spectat,
818 1513 953 1599 cogimur
975 1513 1105 1577 animum
1128 1511 1166 1578 ad
1188 1535 1255 1578 vcr-

240 1627 313 1694 bnm
328 1620 553 1713 ἆλλπλεγγύως
567 1625 728 1706 advertere,
753 1625 835 1714 quod
851 1627 985 1693 similiter
998 1627 1121 1693 modum
1135 1627 1255 1694 tenendi

242 1747 397 1833 exprimat,
416 1743 455 1808 ad
469 1741 553 1830 quod
567 1744 653 1808 etiam
670 1739 911 1829 »ἔκπληρῶσαμ
926 1747 1084 1831 praecipue
1098 1747 1254 1832 pertineat.

240 1861 343 1948 Itaque
357 1859 543 1925 Justinianus
566 1857 672 1924 edixit:
693 1850 782 1924 ’Λλλ
796 1855 982 1924 brocubeivm
1001 1860 1119 1947 explora
1136 1859 1254 1939 debent,

243 1975 327 2064 quod
348 1978 390 2040 ita
412 1973 555 2040 creditum
578 1987 631 2051 est,
656 1987 691 2039 ut
707 1973 929 2063 quodammodo
953 1969 1254 2061 (ἆλληλεγγύ-ως)

242 2094 367 2157 invicem
390 2070 480 2157 abiis
503 2113 638 2156 securum
661 2088 770 2156 factum
793 2093 841 2170 sit,
866 2113 904 2157 ex
919 2111 979 2178 quo
996 2091 1115 2179 quidem
1133 2095 1254 2157 omnino

242 2211 286 2274 rei
308 2207 378 2274 facti
401 2211 511 2274 sint-
527 2218 594 2272 ant:
618 2228 693 2294 quae
715 2209 840 2295 pecunia
863 2209 905 2272 ita
921 2206 1030 2272 credita
1053 2220 1107 2285 est,
1131 2220 1165 2274 nt
1180 2229 1257 2296 quo·

244 2321 402 2388 dammodo
425 2326 551 2388 invicem
566 2321 603 2388 ab
621 2323 713 2389 altero
729 2345 785 2410 pro
802 2324 894 2389 altcro
911 2345 1014 2389 secura
1029 2322 1106 2389 facta
1120 2327 1169 2402 sit,
1193 2345 1256 2389 eam

245 2443 371 2527 quisque
385 2460 441 2526 pro
458 2460 513 2503 sna
527 2450 610 2524 parte
626 2438 744 2525 exploro
756 2438 873 2517 debent,
890 2441 958 2506 licet
973 2461 1012 2506 cx
1027 2461 1062 2505 ea
1077 2441 1198 2506 omnino
1214 2443 1257 2505 rei

244 2553 314 2620 iacti
328 2556 398 2619 sint.
425 2590 462 2604 -
488 2551 542 2619 Sin
559 2566 656 2619 autem
675 2575 714 2620 ex
729 2553 830 2620 debito
846 2551 933 2637 (ott.
949 2553 1045 2638 coo).
1070 2554 1153 2644 quod
1175 2577 1257 2620 com·

244 2692 334 2736 mnne
356 2672 404 2747 sit,
429 2672 549 2736 omnino
572 2673 615 2736 rei
637 2668 707 2735 iacti
735 2683 821 2749 aunt,
844 2683 998 2749 tenentur,
1028 2684 1063 2737 nt
1084 2683 1182 2737 totum
1204 2691 1257 2736 ex·

246 2787 374 2854 solvant
419 2786 536 2875 Itaque,
565 2808 641 2875 qnae
670 2789 763 2854 sensit
789 2785 992 2866 iustinianua,
1020 2787 1188 2875 periphrasi
1215 2789 1257 2851 sic

247 2901 484 2970 circumscribere
506 2903 587 2968 licct:

357 3020 515 3086 Pecuniam
539 3023 580 3085 ita
604 3018 752 3097 creditam,
776 3031 811 3084 ut
832 3017 1053 3107 quodammodo
1074 3019 1198 3083 invicem
1220 3017 1258 3084 ab

357 3139 394 3201 iis
417 3157 520 3200 secura
541 3133 658 3200 reddita
679 3136 727 3212 sit,
752 3137 878 3222 quisque
899 3156 955 3222 pro
971 3147 1056 3222 parte
1071 3155 1125 3199 sna
1142 3134 1260 3222 explere

358 3249 474 3327 debent,
500 3245 692 3337 (quamquam
715 3271 753 3313 cx
775 3270 809 3313 ea
827 3253 947 3314 omnino
964 3252 1007 3315 rei
1022 3248 1091 3314 iacti
1114 3261 1193 3326 sunt,
1217 3250 1263 3314 ita

359 3377 393 3430 nt
415 3386 478 3429 eam
499 3376 593 3429 totam
617 3365 732 3430 solvere
759 3363 894 3430 obstricti
917 3360 1037 3448 essent),
1061 3385 1157 3453 neque
1180 3386 1261 3430 cona-

359 3501 447 3544 munc
471 3479 603 3545 debitum
625 3483 791 3569 cujuspiam
815 3503 891 3546 onus
915 3481 1063 3568 singulare
1085 3479 1146 3544 fiat.

298 3597 501 3663 ·Justinianus
529 3598 621 3684 igitur
649 3596 848 3663 conditionem
875 3592 947 3662 ott.
966 3589 1181 3672 ὑπευθύνων,
1210 3596 1262 3682 qui

301 3765 323 3835 8)
341 3766 452 3837 Krueger
461 3761 478 3816 l.
487 3760 504 3815 l.
518 3759 583 3832 569,
592 3761 639 3816 56:
651 3764 746 3836 »urgirt
754 3755 793 3818 bie
802 3761 930 3817 ltenocac·
940 3791 973 3802 -
983 3761 1105 3836 »geracia«
1115 3758 1261 3812 --ebenc

250 3863 300 3918 cfr.
319 3863 426 3936 Vigenna
446 3859 492 3930 (eci.
505 3859 673 3930 Hermannnc)
689 3858 734 3914 bb
754 3861 812 3935 Cap.
825 3861 880 3916 vlt.
900 3859 926 3915 S.
939 3860 983 3914 IX.
1002 3878 1027 3932 p.
1039 3857 1101 3914 441.
1134 3857 1199 3930 Papo
1216 3853 1262 3910 bb

250 3959 281 4016 nd
298 3959 358 4014 h.a.
386 3959 485 4016 Curtius
502 3957 547 4014 tl.
567 3955 654 4028 5641.
682 3988 717 3998 -
742 3958 765 4027 ⁴)
790 3957 840 4014 cfr.
859 3955 930 4028 §36,
942 3957 983 4014 111.
