2952 4556
650 333 810 432 *gs*

222 513 349 602 plorare,
374 535 412 577 sn
435 530 510 601 quae
534 512 594 578 duo
617 524 773 600 praecepta
796 511 835 578 ad
852 511 1062 602 obligationem
1078 513 1235 579 eorrealem

223 632 385 716 spectantia
408 632 572 694 communis
596 631 746 715 opinionis
769 643 1010 718 propugnatores
1025 627 1150 694 Novella
1165 651 1235 693 con-

222 747 308 811 tineri
338 745 455 824 dieunt,
484 767 518 812 ec
545 766 648 810 revera
671 743 794 810 Novella
822 748 1037 810 contineantur.
1080 745 1236 810 Praeterea

224 863 408 948 conjecturae
431 861 509 926 illius
533 861 742 926 documentum
771 874 926 927 externum
953 860 1071 948 quidem
1094 859 1147 925 sed
1167 881 1236 947 gru·

222 980 373 1042 vissimum
397 977 429 1041 id
451 976 599 1055 afferatur,
624 977 707 1065 quod
730 980 925 1042 recentiorum
948 997 1043 1041 novae
1059 975 1096 1040 de
1110 973 1235 1042 Novella

222 1096 383 1159 sententiae
412 1105 483 1180 post
509 1091 616 1158 librum
641 1092 849 1180 Ribbentropii
877 1092 988 1158 editum
1011 1105 1040 1157 et
1061 1093 1234 1180 plerumque

222 1212 377 1275 occasione
406 1212 543 1274 materiae
574 1209 698 1296 alicujus
729 1208 913 1286 tractandae,
943 1229 1019 1296 quae
1047 1207 1085 1272 ad
1115 1229 1233 1273 corneos

221 1323 347 1390 debendi
371 1328 506 1413 pertinet,
532 1337 613 1389 ortae
637 1338 717 1390 sunt.

290 1439 373 1522 Quae
402 1460 580 1526 quamquam
602 1443 643 1503 ita
667 1461 698 1503 se
721 1437 846 1516 habent,
877 1451 974 1504 tamen
997 1443 1083 1526 primi
1109 1437 1234 1504 Gustavi

221 1547 361 1636 Asteri²l
386 1557 416 1617 in
438 1555 493 1617 hnc
515 1553 640 1641 periodo
664 1557 841 1618 mentionem
865 1551 997 1630 lecimus,
1022 1557 1073 1640 qui
1096 1553 1234 1620 disserta-

222 1672 304 1734 tione
327 1669 485 1733 clarissime
508 1680 537 1732 et
559 1669 773 1756 elegantissime
796 1670 963 1755 conscripta
979 1671 1180 1754 quaestionem
1198 1670 1233 1733 de

221 1783 345 1848 Novella
367 1783 582 1848 studiosissime
605 1786 762 1849 recensuit.
796 1782 958 1849 Helcandri
980 1821 1015 1832 -
1040 1797 1092 1849 aut
1114 1796 1149 1848 nt
1171 1788 1233 1871 ipse

222 1898 346 1965 eredidit
364 1937 400 1950 -
419 1899 535 1965 Donelli
557 1902 729 1965 sententiam
754 1897 929 1964 defensurus
952 1912 1138 1988 argumentans
1158 1920 1232 1987 quae

220 2038 277 2104 pro
301 2039 335 2081 ea
357 2029 387 2081 ct
409 2027 512 2081 contra
535 2019 690 2104 opiniones
714 2015 866 2081 obstantes
894 2015 1070 2093 afferuntur,
1101 2016 1233 2104 undique

221 2132 442 2221 diligentissime
457 2132 575 2220 collegit
590 2145 619 2197 et
634 2154 753 2219 operam
771 2131 852 2197 dedit
868 2144 903 2197 nt
918 2131 1101 2219 dijudicaret.
1135 2131 1232 2220 Magis

220 2259 317 2313 cutem
334 2251 575 2336 interpretatione
586 2248 736 2312 Prooemii
752 2241 874 2336 supra⁸l
890 2247 1009 2314 laudata
1024 2251 1100 2313 inter
1115 2261 1234 2313 nostra·

220 2377 264 2429 tes
288 2367 412 2452 insignis
436 2377 495 2441 est,
520 2385 579 2452 qua
597 2363 724 2451 probare
740 2365 852 2440 voluit,
876 2363 953 2429 Nov.
971 2361 1013 2430 99
1037 2363 1078 2428 nil
1100 2366 1157 2428 uisi
1181 2387 1234 2428 ex·

220 2479 419 2568 planationem
449 2492 479 2544 et
506 2479 697 2568 appendicem
725 2478 848 2545 Nost
878 2501 951 2544 esse.
995 2476 1070 2543 Nam
1098 2479 1165 2545 iude
1194 2479 1231 2544 eb

219 2595 336 2661 Asuero
367 2617 468 2662 omnes
498 2598 648 2683 opinionis
663 2625 665 2630 ¹
682 2599 845 2661 communis
874 2595 1034 2660 adversarii
1065 2616 1121 2682 pro
1151 2607 1231 2661 certo

219 2709 345 2788 habent,
375 2711 573 2776 eProoemio
600 2735 662 2777 non
689 2713 784 2777 solum
809 2724 1014 2800 argumentum
1045 2715 1070 2776 ei
1098 2714 1232 2799 opinioni

203 2815 500 2912 ¹pemiciosissimum
525 2827 687 2893 derivatum
712 2849 790 2903 esse,
821 2827 874 2890 sed
899 2829 986 2892 etiam
1009 2825 1230 2893 fundamentum

220 2939 432 3004 validissimum
444 2943 567 3028 jactum,
592 2944 622 3006 in
640 2963 700 3028 quo
718 2963 820 3007 omnes
835 2945 994 3006 sententiae
1010 2945 1156 3007 tutissime
1179 2967 1232 3009 ex·

221 3065 414 3132 struerentur,
440 3054 601 3121 dummodo
619 3055 790 3121 beneficium
807 3059 991 3122 excussionis
1007 3055 1084 3121 Nor.
1101 3055 1144 3124 99
1160 3078 1232 3123 con·

220 3172 306 3234 tineri
329 3169 526 3257 perhiberent.
741 3165 743 3168 ’

286 3285 399 3352 Deinde
421 3281 648 3376 Ribhentrop⁴),
677 3289 759 3377 quod
781 3288 820 3354 ad
842 3288 991 3355 debitores
1013 3288 1154 3357 Novellae
1176 3289 1265 3357 no·''

219 3414 297 3466 strae
331 3405 471 3490 pertinet,
505 3402 729 3470 Pulendorfium
765 3419 883 3472 secutus
917 3410 1073 3494 perpaucis
1101 3381 1256 3495 quidem*
1337 3455 1341 3464 .

218 3517 271 3584 sed
297 3521 480 3606 gravissimis
504 3519 601 3586 verbis
631 3525 800 3609 opinionem
829 3544 1013 3588 communem
1037 3522 1135 3589 denuo
1160 3546 1231 3589 eon·

218 3685 434 3702 —-——-n

272 3780 295 3848 ²)
319 3781 369 3836 cfr.
387 3781 401 3851 §
417 3782 439 3835 l.
457 3790 508 3836 not.
521 3781 563 3836 31.
592 3813 625 3824 -
653 3782 674 3850 Β)
699 3781 748 3838 cn.
768 3783 819 3854 §il

271 3879 292 3948 ⁴)
317 3879 466 3952 Ribbentrop
484 3878 528 3934 ll
545 3898 570 3951 p.
585 3880 643 3934 116.
660 3888 711 3935 not
726 3880 766 3937 18.
