2952 4556
689 316 729 386 15

203 499 337 566 contulit.
375 497 498 565 Etiamsi
521 497 610 588 longe
632 497 755 576 absum,
778 507 814 564 nt
835 494 961 564 cundem
982 495 1238 587 Ronchcgallnm:

157 607 161 616 '
183 613 377 704 'plagiarium
398 617 611 703 nequissimum
632 635 794 702 arguerem,
818 626 916 680 tamen
931 635 1027 692 casus,
1051 635 1128 702 quos
1144 619 1228 702 pro-¹

201 733 315 820 posuit,
338 729 376 796 ab
391 730 563 798 Haloandro
582 743 612 797 et
625 728 773 796 Balduino
790 728 955 818 descriptos
970 752 1034 797 coac
1050 730 1213 796 ostendam.

203 845 293 930 Quod
321 868 421 914 casum
448 850 568 915 tertium
596 849 717 923 attinet,
747 848 819 911 satia
848 858 984 934 apparet,
1014 869 1081 913 eum
1103 845 1142 911 ad
1164 846 1236 912 Fr.'

201 960 380 1028 Balduinum
409 965 571 1050 pertinere,
600 983 667 1028 cum
696 961 855 1026 Tractatus
876 961 1124 1050 Ronchegallicus
1154 965 1215 1049 pri·

201 1071 312 1160 mum‘)
342 1099 420 1143 anno
453 1076 538 1144 1558
559 1077 692 1144 Venetiia
720 1079 802 1165 typis
831 1099 959 1144 excusus
984 1080 1038 1156 sit,
1069 1077 1141 1144 dum
1163 1077 1213 1144 Fr.

200 1191 339 1258 Balduini
355 1192 580 1259 »instruimus«
600 1194 662 1280 jam
679 1214 758 1258 anno
777 1185 894 1275 1550⁰t
910 1191 1008 1258 editus
1023 1206 1077 1258 est.
1111 1193 1214 1281 Longe

201 1321 288 1374 antea
320 1322 417 1374 autem
446 1307 637 1374 Novellarum
671 1311 891 1396 interpretatio,
927 1329 1016 1397 quam
1045 1307 1216 1374 Haloandcr

201 1423 335 1502 confecit,
359 1446 426 1491 cum
448 1435 535 1490 textu
556 1422 748 1490 Noreliarum
764 1423 877 1492 Graeco
900 1427 931 1489 in
953 1425 1048 1490 lucem
1069 1417 1214 1512 prodiit⁷t

201 1552 289 1628 atque
315 1561 388 1605 mox
409 1542 486 1606 inter
509 1561 610 1606 omnes
634 1539 764 1628 populos
787 1541 953 1626 pernotuit,
984 1543 1026 1605 ita
1048 1554 1083 1606 ut
1104 1553 1134 1607 et
1155 1545 1213 1628 ipsi

199 1655 402 1744 Ronchegaiio
425 1649 546 1738 iaterc⁸)
568 1678 630 1721 non
653 1659 794 1743 potnerit,
819 1657 870 1742 qui
892 1659 994 1742 potius
1010 1677 1049 1720 cx
1064 1679 1097 1722 ca
1112 1677 1212 1722 casum

199 1774 326 1860 primum
349 1783 378 1836 et
400 1771 562 1838 secundum
585 1775 726 1837 sumsisse
741 1770 869 1837 videtur.
907 1768 983 1836 Nam
1000 1770 1084 1859 quod
1099 1770 1137 1836 ad
1152 1776 1213 1860 pri·

199 1909 280 1953 mum
303 1890 431 1974 respicit,
457 1909 554 1975 neque
577 1888 638 1954 ulla
661 1888 835 1976 disceptatio
859 1909 922 1952 esse
944 1899 1059 1975 potest,
1084 1910 1150 1954 curn
1173 1889 1212 1954 ad

199 2002 402 2069 Haloandrum
424 2002 609 2076 referendum
633 2027 706 2083 ease,
731 2007 783 2092 qni
806 2006 871 2092 ipsa
894 2007 924 2069 in
944 2001 1041 2070 ironte
1055 2005 1135 2069 tituli
1149 2003 1213 2070 No·

199 2118 290 2184 vcllae
311 2119 394 2184 illum
418 2119 673 2186 demonstraverit.
712 2119 782 2197 Nec,
806 2120 889 2208 quod
912 2118 1072 2185 secundum
1096 2124 1210 2199 attinet,

200 2232 305 2300 dubito
320 2233 523 2302 Haloandrum
547 2249 698 2302 auctorem
720 2236 850 2302 laudare.
888 2235 988 2302 Ambo
1011 2239 1087 2302 cnirn
1110 2239 1140 2301 in
1156 2259 1213 2302 no·

198 2351 280 2415 tione
314 2345 537 2438 ἅλληλεγγύως
564 2349 763 2418 ὑπευθύνων
795 2374 957 2418 convenere
985 2364 1015 2416 et
1042 2351 1212 2418 Haloander

198 2487 260 2531 non
288 2487 372 2533 secus
401 2489 435 2532 ac
455 2467 676 2557 Ronchegallus
699 2490 751 2534 eos
774 2468 974 2558 principaliter
994 2489 1051 2556 pro
1074 2467 1211 2556 partibus

198 2580 333 2646 virilibus
363 2587 457 2649 teneri
485 2583 645 2651 arbitratus
675 2588 714 2650 sit
743 2597 877 2673 oportet,
912 2606 993 2662 cnm,
1023 2587 1048 2649 si
1079 2583 1211 2650 debitum

199 2695 337 2763 omnibus
359 2721 514 2766 commune
537 2721 633 2789 neque
656 2700 694 2766 ad
712 2722 859 2789 quemque
874 2703 905 2766 in
920 2700 1049 2766 solidum
1064 2703 1211 2788 pertinere

198 2834 371 2900 expressum
400 2829 458 2894 est,
491 2817 589 2884 viriles
618 2830 717 2904 partes
739 2817 950 2905 intelligantur.
988 2817 1089 2904 Itaque
1113 2838 1209 2895 casus,

198 2931 251 3015 qui
278 2929 441 2996 secundum
463 2931 665 2998 Haioandrum
696 2937 791 3021 primo
814 2930 955 2998 Noveliac
986 2932 1103 2998 decreto
1133 2932 1211 2998 deci·

198 3042 294 3122 ditur,
319 3046 449 3132 ejusdem
472 3061 595 3114 naturae
619 3062 679 3128 cst,
703 3070 791 3136 quarn
814 3050 865 3135 qui
888 3046 1050 3113 secundum
1072 3047 1211 3114 Ronchc·

250 3297 272 3366 ὅ)
295 3297 457 3372 Ribbentrop:
481 3302 531 3356 Zur
548 3301 625 3358 Lehrc
648 3321 697 3357 von
721 3303 767 3358 den
791 3300 984 3376 Concalobiigat
1009 3302 1116 3376 Gotting.
1133 3301 1209 3358 1831.

197 3411 221 3466 p.
234 3393 259 3448 2.
276 3403 327 3450 not.
340 3399 365 3452 4.

250 3493 272 3560 ⁶)
296 3493 346 3548 Cir.
368 3495 524 3550 Heinecciua:
553 3495 615 3569 Opp.
639 3497 670 3552 Τ.
687 3497 728 3553 111.
752 3498 841 3554 Gener.
861 3497 937 3555 1748.
961 3497 1023 3570 Sytt
1040 3498 1081 3554 111.
1105 3516 1129 3571 p.
1148 3498 1209 3554 295.

196 3589 327 3670 Schragius
345 3609 369 3662 p.
381 3591 406 3646 3.

248 3688 270 3755 ⁷)
294 3687 323 3742 Ε.
336 3687 518 3764 Spengenbcrg:
537 3691 633 3748 Einleit.
651 3694 677 3747 in
694 3694 718 3749 d.
737 3694 1039 3750 tentamentum.
1058 3703 1111 3751 cett.
1139 3697 1208 3750 Han·

195 3802 272 3840 novor
292 3783 368 3842 1817.
386 3805 410 3859 p.
423 3787 484 3844 478.

249 3884 271 3951 8)
294 3883 376 3938 Editio
389 3885 547 3942 Novciiarum
564 3905 577 3942 a
592 3887 735 3962 Scrimgcrio
754 3899 844 3957 curata,
863 3889 1057 3964 Spangcnbergio
1075 3889 1092 3944 l.
1104 3889 1120 3945 l.
1138 3899 1208 3959 teste,

195 3980 281 4036 codem
299 3999 362 4037 auno
380 3986 447 4056 typis
465 4003 555 4040 excusa
574 3994 618 4054 est,
638 4003 687 4059 quo
706 3987 837 4044 Tractatus
856 3987 1017 4061 Ronchegalli.
