2952 4556
618 331 775 440 Q

190 516 279 583 niano
295 514 448 584 Novellam
470 521 607 609 restringi
623 520 821 611 significatur.i
850 519 1014 594 Burchardi
1031 545 1117 593 verns
1133 519 1206 590 fide·

185 635 322 722 jussores
345 649 465 701 mutuos
489 658 540 701 eos
564 659 627 702 esse
652 637 812 716 contendit,
836 660 913 727 quos
938 661 1040 704 ornnes
1053 641 1205 726 juriscon-

190 751 261 816 sulti
282 754 369 818 tacite
392 752 571 818 intercedere
595 752 705 818 dicunt.

256 867 300 933 Dc
334 867 475 934 beneficio
507 872 706 948 excussionis,
739 869 822 958 quod
852 870 1015 936 Burehardi
1044 892 1109 936 eum
1139 871 1203 935 aliis

188 982 317 1046 volnita
336 981 505 1049 lustiniann
522 989 552 1049 in
568 983 645 1050 Nov.
663 983 705 1052 99
727 989 917 1075 propositum
933 1009 1006 1064 esse,
1031 1008 1064 1051 es
1082 985 1202 1063 videsis,

188 1119 263 1186 quae
286 1111 390 1165 contra
413 1099 586 1190 Savignium
613 1102 774 1168 attulimus.

252 1331 286 1396 ll.
319 1330 354 1396 G.
370 1331 405 1396 Ε.
423 1326 605 1415 Schmidt⁹)‚
637 1337 688 1420 qui
724 1337 754 1398 in
786 1337 956 1400 universum
986 1333 1201 1401 Burchardium

187 1449 332 1533 sequitur,
357 1458 453 1512 tamen
476 1470 538 1512 non
561 1459 658 1535 negat,
682 1470 748 1525 eos,
774 1453 826 1535 qui
849 1449 978 1513 solidum
1000 1453 1200 1535 promiserint,

188 1560 265 1626 duos
292 1561 491 1649 promittendi·
514 1585 582 1627 rens
614 1562 686 1627 lieri.
735 1561 823 1645 Quod
858 1563 1031 1628 beneficium
1060 1563 1201 1630 Novellae

188 1679 300 1754 attinet,
325 1677 357 1741 id
379 1677 526 1742 inficiatur
548 1676 720 1743 beneficium
745 1677 899 1743 divisionis
924 1701 997 1756 esse,
1022 1681 1092 1766 quia
1115 1700 1202 1764 prae·

187 1785 320 1876 sentiam)
351 1792 482 1858 conditio
513 1792 645 1858 beneficii
669 1793 824 1859 divisionis
854 1817 915 1860 non
943 1798 998 1860 sit:
1027 1793 1200 1860 beneficium

186 1930 257 1972 vero
282 1911 467 1973 excussionis
490 1912 610 1996 accipit,
640 1923 799 1998 propterea
828 1909 912 1998 quod
940 1910 1079 1974 creditori
1106 1933 1199 1974 unum

186 2026 215 2088 in
232 2024 360 2089 solidum
376 2026 493 2112 eligenti
509 2046 524 2090 e
540 2023 617 2089 Nov.
635 2023 677 2091 99
693 2030 828 2114 exceptio
853 2025 926 2090 »der
939 2025 1202 2092 Missehuldschalt

184 2139 248 2205 und
270 2139 522 2228 Mitbiirgschslt»
546 2155 726 2229 opponatur,
754 2155 857 2208 contra
880 2165 969 2230 quam
992 2141 1130 2207 creditori
1153 2164 1200 2207 re·

184 2256 305 2344 plicanti
327 2256 493 2335 incumbat,
523 2270 559 2322 ut
580 2258 712 2346 reliquos
735 2271 788 2324 aut
809 2281 870 2324 non
900 2259 1040 2338 idoneos,
1071 2271 1125 2324 aut
1147 2257 1200 2323 ab·

185 2384 282 2440 sentes
305 2395 368 2438 esse
395 2373 512 2460 probet.

252 2488 343 2571 Quod
365 2503 570 2578 argumentum
595 2490 669 2556 adeo
692 2491 827 2556 fictitium
851 2505 896 2556 est
919 2503 948 2558 et
971 2513 1036 2556 cum
1059 2489 1138 2556 Nov.
1154 2489 1197 2558 99

185 2605 237 2669 c.l
260 2602 277 2688 ἓ
297 2603 312 2670 1
338 2608 380 2670 ita
393 2629 527 2694 pugnare
550 2606 677 2686 videtur,
703 2620 736 2674 ut
751 2607 929 2674 refutatione
952 2607 1051 2673 latiori
1075 2607 1197 2700 dignum

184 2741 245 2785 non
269 2724 315 2785 sit.

645 2861 663 2946 q
685 2861 734 2928 tv.

199 2984 230 3051 2.
265 2984 314 3049 De
336 2989 582 3051 sententiisa
604 2985 864 3075 Vangerovio‚
889 3011 906 3052 a
931 2987 1174 3067 Girtannero‚

430 3123 447 3165 a
475 3101 688 3167 Rueckerto
717 3105 947 3191 propositis.

249 3242 271 3307 1.
304 3243 339 3308 de
354 3239 552 3333 Vangerow¹l
574 3249 687 3310 etiamsi
709 3268 775 3314 curn
790 3246 962 3312 Haloandro
984 3247 1021 3313 de
1036 3247 1195 3316 verborum

182 3355 468 3426 attinuerunt
498 3374 527 3426 et
555 3383 621 3426 cum
645 3359 681 3426 G.
697 3362 732 3426 E.
750 3359 916 3428 Schmidtio
947 3364 983 3429 de
1012 3365 1195 3456 obligatione

208 3582 212 3590 ι
234 3516 256 3584 ⁹)
282 3516 311 3572 (i.
324 3516 354 3570 ll.
368 3515 478 3572 Schmidt
495 3517 540 3572 ll.
558 3535 582 3589 p.
598 3517 645 3572 121
663 3535 718 3590 sqq.

236 3615 268 3683 ¹⁰)
291 3615 390 3670 Videsis
403 3616 595 3671 dissertationem
606 3624 714 3669 nostram
729 3615 759 3669 de
776 3615 889 3671 beneflcio
902 3618 1025 3689 Epistolae
1035 3619 1066 3674 D.
1078 3620 1194 3675 Hadriani

181 3731 225 3768 seu
238 3714 370 3778 divisionis,
382 3713 424 3766 ubi
438 3715 547 3785 quaestio
566 3714 596 3768 de
608 3713 742 3768 conditione
757 3715 929 3786 praesentiee§
944 3717 1063 3771 11-15.
1076 3716 1119 3771 39.
1132 3719 1193 3772 ube·

180 3813 232 3864 rius
250 3819 373 3876 tractatur,
392 3819 416 3864 et
427 3811 534 3877 docetur,
552 3811 716 3883 fidejussores,
733 3819 763 3864 ut
777 3811 919 3866 beneficium
932 3815 962 3868 iis
974 3815 1089 3886 impertiri
1107 3816 1193 3886 possit,

180 3915 317 3979 praesentes
335 3925 388 3962 esse
406 3916 524 3980 oportere.

234 4003 255 4076 ¹)
279 4005 309 4058 de
326 4006 467 4082 Vangernw
485 4005 501 4060 l.
513 4005 529 4059 l.
549 4024 572 4082 p.
586 4005 621 4063 87
634 4024 689 4082 sqq.
