2936 4554
704 299 862 404 joo-

275 505 332 572 que
348 481 384 548 ab
401 482 539 548 omnibns
554 485 694 547 novimus
708 480 921 568 interpretibus
936 480 1047 548 iactum
1063 501 1137 546 esse.
1167 481 1290 546 Postre-

275 623 355 665 mum
379 597 599 674 contendimus,
624 601 655 662 in
678 599 825 684 principio
849 597 1006 685 periodum
1030 593 1110 662 »ode
1132 592 1235 673 sodor
1258 643 1290 660 ..

276 713 469 800 dvdqnoriot«
503 713 541 778 ad
575 717 720 778 actionem
754 713 964 778 instituendam
998 716 1161 800 pertinere,
1202 712 1292 778 verba

277 845 375 897 autem
398 833 473 892 »xci
493 829 524 894 ei
536 827 630 893 rodco
647 824 862 913 ..ridvvq'dqs
881 828 997 914 judicio
1016 827 1141 893 sormam
1157 827 1236 906 dare,
1260 828 1292 893 id

278 947 361 1035 quod
389 957 494 1032 postea
522 942 709 1031 probabitur.
757 941 834 1009 Cum
864 944 916 1008 ilio
945 941 1289 1028 enuntiatoverba51

279 1062 341 1126 »Ed
356 1109 364 1126 .
381 1107 390 1123 .
410 1053 535 1134 midde«
559 1072 589 1123 et
612 1056 714 1124 »odero
731 1104 759 1122 ..
775 1051 1064 1145 eddovoq'oonm«
1087 1081 1217 1124 necnon
1239 1056 1291 1143 §2

279 1169 494 1256 »ἀναγκάζειν
514 1220 542 1238 ..
563 1176 751 1254 rimabat«,
781 1197 848 1240 cum
875 1175 935 1240 boc
961 1189 1059 1240 antem
1080 1173 1176 1239 edicta
1196 1172 1291 1257 ἐμ,

280 1315 357 1382 quae
376 1289 473 1356 verbis
496 1285 574 1356 »cdv
589 1291 645 1376 τῆς
661 1336 690 1355 ..
712 1291 849 1380 quiqam
873 1294 1076 1368 continentur,
1107 1303 1136 1356 et
1159 1294 1294 1356 enuntia-

280 1412 391 1475 tionem
415 1409 489 1471 »nat
504 1403 819 1492 ..ἔξπασθὴσεταιι
843 1405 998 1472 conciliare
1021 1406 1216 1472 studebimus.

346 1525 369 1588 l.
392 1523 445 1590 De
467 1525 587 1588 oddone
610 1523 732 1588 divisim
745 1523 942 1588 instituendo
964 1559 1000 1570 —
1025 1521 1212 1588 dustinianus
1233 1545 1296 1590 cre·

283 1641 408 1706 ditarem
443 1661 509 1703 cnm
543 1638 665 1726 reliquis
693 1659 815 1727 qunque
844 1637 933 1726 jubet
961 1641 1090 1726 experiri
1124 1635 1208 1704 troad
1236 1635 1297 1726 τὴν

282 1765 410 1842 μοῖραν,
438 1756 520 1818 καθ’
542 1750 584 1839 ἢν
605 1755 738 1828 ἕκαστος
759 1752 911 1834 ἐνέχεται.
959 1753 998 1819 Et
1026 1754 1119 1822 verbo
1148 1765 1295 1842 »patna«,

284 1872 365 1962 quod
389 1883 468 1936 recte
490 1873 645 1958 »portio«,
675 1869 830 1936 mutnet«
852 1868 1088 1936 transferendum
1112 1883 1173 1946 est,
1197 1884 1296 1950 etto,

284 1988 368 2077 quod
398 1987 585 2052 «lastinianus
619 2007 804 2063 cumeorum,
843 1989 895 2074 qui
931 1984 1023 2051 verba
1060 1989 1110 2052 »in
1149 1969 1297 2053 solidnm'«

285 2105 393 2171 diserte
416 2102 596 2191 adjecerunt,
620 2101 656 2166 de
679 2100 814 2188 partibus
838 2123 891 2166 nec
914 2101 1077 2190 quidquam
1093 2125 1232 2190 expresse
1253 2115 1299 2168 at·

284 2221 364 2298 tulit,
387 2218 466 2284 unde
489 2240 588 2284 earum
612 2221 762 2306 quantitas
782 2221 972 2306 percipiatur,
998 2217 1077 2284 credi
1098 2231 1207 2307 potest,
1231 2241 1298 2284 enm

287 2449 426 2516 creditam
451 2447 526 2513 iorte
549 2451 626 2513 inter
641 2469 672 2512 se
695 2446 908 2513 distribuerint.
943 2449 1027 2516 Hanc
1043 2455 1300 2516 tamentationem

286 2565 467 2651 Vellejanam
489 2576 614 2651 propter
629 2562 703 2628 duas
725 2583 829 2633 causas
844 2567 937 2630 areeri
950 2587 1069 2631 necesse
1084 2579 1138 2632 est.
1168 2566 1299 2632 Primum

288 2684 366 2746 enim
387 2679 574 2746 iustinianus
602 2702 659 2767 pro
682 2678 817 2768 partibus
840 2680 976 2746 virilibus
1000 2703 1052 2747 eos
1080 2685 1174 2748 teneri
1197 2683 1298 2768 jussit,

288 2800 341 2886 qni
365 2800 416 2862 tin
444 2795 594 2862 solidum·
623 2818 685 2862 non
712 2795 885 2883 adjecerint,
913 2819 931 2860 a
959 2819 1087 2884 quorum
1116 2799 1209 2886 igitur
1230 2818 1302 2861 con-

287 2927 385 2980 tractu
412 2916 594 2999 computatio
628 2917 757 3000 partium
787 2925 818 2977 et
853 2911 920 2977 ideo
954 2917 1031 2978 ratio
1055 2913 1207 3000 Vellejana
1239 2934 1301 2978 non

289 3033 410 3096 omnino
426 3027 613 3095 abhorreret:
631 3027 879 3116 quemadmodum
896 3051 967 3116 ergo
983 3029 1051 3094 licet
1065 3033 1204 3117 accipere,
1224 3029 1302 3092 bane

289 3148 432 3212 rationem
449 3143 647 3232 elegislatore
662 3144 861 3210 introductam
878 3165 951 3221 esse,
975 3143 1028 3208 ubi
1043 3157 1143 3232 partes
1160 3144 1196 3210 do
1210 3143 1302 3209 modo

288 3259 409 3328 tenendi
438 3279 578 3347 expresse
605 3261 684 3343 pacti
712 3261 789 3324 sint?
829 3259 941 3326 Deinde
968 3273 1067 3326 autem
1089 3264 1154 3347 ipsa
1175 3261 1304 3348 impera·

290 3378 365 3442 toris
388 3373 479 3439 verba
501 3376 528 3437 ei
550 3376 659 3439 rationi
682 3373 842 3440 obsistunt.
878 3375 953 3440 Nam
977 3379 1002 3440 si
1019 3376 1059 3441 T⁶
1083 3389 1113 3441 et
1129 3375 1165 3441 S·
1188 3373 1249 3441 XX
1270 3377 1304 3440 in

291 3489 419 3556 solidum
442 3509 481 3554 ex
503 3510 593 3553 causa
615 3493 710 3556 mutui
730 3495 929 3578 promiserint,
954 3495 1050 3557 omnis
1065 3503 1163 3556 autem
1180 3493 1304 3576 pecunia

292 3605 329 3672 ad
353 3605 404 3670 Tm
424 3608 605 3692 pervenerit,
631 3606 703 3694 quid
726 3611 900 3673 erratione
923 3607 979 3673 bac
1001 3607 1153 3694 Vellejana
1175 3605 1306 3672 creditor

291 3721 362 3788 aS⁰
384 3724 534 3809 petiturus
557 3734 611 3798 est,
636 3725 687 3810 qni
703 3745 740 3787 ne
755 3745 848 3788 unum
865 3723 983 3811 quidem
1004 3745 1158 3790 nummum
1172 3721 1307 3808 recepit?

290 3840 392 3927 ltaque
420 3841 519 3925 ipsum
548 3837 690 3917 edictum,
723 3838 806 3926 quod
833 3840 1009 3927 generaliter
1030 3840 1070 3906 ad
1091 3859 1194 3906 omnes
1217 3858 1306 3902 casus

291 3958 438 4041 pertinere
468 3952 601 4034 deberet,
632 3957 663 4019 in
691 3977 753 4020 uno
782 3956 899 4022 irritum
920 3955 1013 4021 fieret.
1043 3993 1076 4004 -
1106 3955 1305 4020 Econtrario
