2936 4554
646 317 798 420 A

285 495 373 582 Quod
397 496 522 585 denique
546 495 706 584 Vulgatam
729 499 844 577 attinet,
869 520 945 586 quae
968 503 1008 564 ita
1032 483 1134 565 sonat:

330 613 380 676 »ln
409 615 651 700 praesentirem
680 625 710 678 et
738 613 828 679 aliud
848 613 936 680 nobis
960 619 1054 680 visum
1079 629 1124 682 est
1147 639 1231 706 cgere

327 727 454 817 quadam
478 729 684 816 explanatione
707 740 738 795 et
759 732 949 808 incremento,
973 753 1036 796 coc
1055 754 1094 798 ee
1107 755 1229 819 pecare,

327 866 422 933 neque
444 847 514 910 nsni
535 843 706 932 inperfecto
730 857 760 910 et
782 845 880 912 inutili
903 850 1107 926 consistente«

216 983 278 1030 eam
310 961 534 1028 translationem
567 964 660 1051 magis
689 959 872 1040 liberiorem,
909 985 997 1052 quam
1032 962 1135 1030 salsam
1165 987 1230 1032 esse

215 1099 334 1156 censeo,
364 1100 445 1157 cum,
473 1078 541 1144 licet
567 1078 693 1143 »aliud«
717 1078 926 1166 explanatione
947 1079 1080 1169 indigere
1103 1080 1227 1159 dicatur,

216 1192 313 1260 verbis
342 1215 424 1260 *non
459 1216 498 1260 ex
526 1215 652 1282 genere«
682 1193 790 1259 additis
819 1194 1032 1283 prohibeatur,
1067 1201 1228 1285 quominus

215 1313 311 1376 omnis
333 1308 524 1376 Novellarum
547 1310 717 1397 conjunctio
741 1310 873 1376 tollatur.

674 1483 692 1569 s
714 1485 767 1551 21.

314 1618 345 1684 2.
382 1616 482 1702 Quae
509 1622 706 1709 prooemio
736 1641 822 1684 vere
852 1624 1131 1686 contineantur.

280 1769 466 1836 lastinianus
493 1773 524 1835 in
546 1773 701 1858 prooemio
731 1773 849 1858 saepius
871 1769 1050 1838 Nominibus
1073 1771 1226 1838 Articulos

215 1883 369 1972 (wopam
390 1925 426 1937 -
445 1888 536 1968 »napi
559 1883 727 1973 ὃπιλογῆςι
748 1925 783 1938 -
804 1881 1066 1975 »perductique«
1087 1927 1122 1938 -
1143 1885 1227 1952 »les-

213 2025 273 2088 ρας
294 1997 544 2086 ἒπξεργασίαςι)
567 2023 629 2066 non
651 2004 817 2088 praemisit,
842 2002 925 2091 quod
948 2025 1014 2068 cum
1038 2007 1069 2068 in
1091 2025 1226 2070 sermone

212 2119 319 2184 Latino
343 2120 468 2206 exprimi
491 2139 553 2182 non
574 2121 682 2207 possit,
709 2119 902 2186 translatione
926 2117 1098 2186 Germanica
1120 2142 1227 2186 caven·

213 2234 284 2300 dum
307 2247 361 2312 cst,
385 2255 422 2298 ne
445 2233 627 2322 negligatur:

302 2348 419 2418 »Ueber
439 2349 573 2416 illection
596 2372 657 2415 von
679 2348 875 2415 Mandatoren
900 2371 930 2416 u.
946 2372 970 2415 s.
983 2374 1024 2417 w.
1048 2350 1145 2418 baben
1167 2356 1225 2419 wir

300 2469 347 2532 ein
364 2464 470 2532 Gesetz
486 2466 623 2532 erlassen.
658 2464 738 2531 Jetzt
754 2466 868 2531 scbeint
886 2487 941 2531 nus
959 2468 1022 2532 eine
1046 2467 1225 2534 anderweite

299 2581 499 2670 Fortbildnng
509 2581 573 2647 und
587 2585 634 2646 ein
646 2582 835 2648 verwandtcr
844 2582 955 2647 Zusatz
967 2583 1073 2672 nothtg
1085 2605 1123 2648 zu
1136 2586 1223 2649 seins

212 2697 308 2782 Quam
330 2700 504 2762 sententiam
527 2717 670 2763 summam
693 2710 788 2763 rectae
805 2701 950 2784 prooemii
973 2701 1224 2786 interpretationis

211 2835 284 2891 esse,
309 2813 510 2900 disputatione
533 2815 669 2900 sequenti
692 2810 975 2877 demonstrabimus:

278 2923 386 3010 «Ἡμῖν
401 2923 513 3004 idota«
536 2903 732 3014 personaliter
752 2938 804 2990 aut
823 2926 1058 3014 impersonaliter
1081 2931 1222 3013 scripturn

211 3063 275 3108 esse
296 3013 425 3129 potest'
453 3039 487 3105 Si
509 3039 704 3128 personaliter
726 3043 868 3127 scriptum
898 3053 957 3115 est,
988 3037 1119 3127 ἕπιλογή
1142 3064 1224 3125 μαν-

212 3150 369 3243 doecoo‘pcov
382 3152 448 3219 eet.
475 3153 648 3242 Subjectnm
666 3155 841 3242 suppleatur
854 3176 972 3220 necesse
988 3167 1043 3220 est.
1069 3152 1223 3239 »Ndpov«

211 3276 287 3340 euim
299 3294 337 3338 ex
348 3274 590 3360 interpretatione
605 3271 713 3338 Asveri
729 3275 837 3337 scimus
850 3270 1030 3358 subintelligi
1045 3294 1107 3338 non
1123 3295 1221 3361 posse,

211 3402 241 3455 et
254 3387 331 3454 idem
348 3410 387 3454 ex
401 3409 476 3454 voce
492 3383 639 3472 »ἕτέραςι
652 3388 892 3475 impedimentum
908 3389 976 3452 voci
999 3390 1221 3473 ›oopoesotm

210 3502 389 3592 adjiciendae
413 3497 552 3585 obstat¹).
586 3505 742 3570 Praeterea
760 3526 826 3570 cnm
850 3503 1028 3570 vocabulum
1051 3501 1222 3592 »dmdoyp‘«

209 3623 335 3709 propius
363 3619 511 3686 vocabulo
542 3614 681 3704 »νόμοςι
710 3643 727 3684 a
757 3642 830 3718 voce
858 3615 956 3706 »ἡμῖν
984 3616 1098 3698 ἔδοξε(
1133 3621 1220 3699 absit,

207 3736 372 3824 Imperator
401 3739 456 3802 ait:
490 3735 585 3802 Nobis
621 3736 725 3802 electio
758 3736 965 3803 mandatornm
999 3735 1063 3800 relic
1084 3737 1148 3800 visa
1177 3748 1222 3801 est

263 3891 284 3959 ¹)
307 3891 419 3958 Videtis,
442 3908 504 3964 qnae
525 3891 598 3964 paulo
619 3900 676 3965 post
693 3890 875 3964 explicabimus.
911 3888 975 3946 Aliis
992 3891 1140 3964 argumentis
1157 3907 1221 3962 opus

209 3994 263 4032 esse
280 3995 330 4032 non
347 3979 451 4034 videtur.
