2936 4554
442 315 449 346 l

641 291 800 433 -234

213 518 369 603 exposuit,
393 528 490 581 tamen
513 516 611 603 ipsum
634 525 750 579 textum
774 511 933 590 Graecum,
953 513 1015 598 jam
1038 535 1093 601 per
1115 535 1146 578 se
1170 511 1227 578 dil·

212 629 393 696 ficultatibus
416 630 611 719 implicatum,
635 627 672 694 ab
695 628 867 694 Haloandro
891 641 989 694 autem
1011 630 1105 718 magis
1129 628 1227 694 adhue

214 745 405 812 obscuratum
428 758 457 811 et
479 744 695 834 perturbatum,
719 766 805 810 nemo
829 766 868 810 ax
890 748 942 823 iis,
967 747 1019 833 qui
1042 766 1226 809 communem

214 865 384 950 opinionem
400 873 575 949 sequuntur,
591 862 747 948 hucusque
763 883 922 949 aggressus
937 873 992 927 est.
1018 863 1121 949 Itaque
1136 863 1228 925 inter-

212 977 430 1066 pretationibus
459 977 697 1043 adversariorum
725 977 840 1063 rejectis
870 999 987 1043 neeesse
1017 988 1062 1041 cst
1089 997 1127 1040 ex
1153 977 1226 1063 ipsis

211 1105 313 1159 textus
342 1093 445 1160 Gracci
480 1094 580 1160 verbis
616 1115 730 1170 veram,
767 1115 854 1180 quarn
887 1093 1040 1180 legislator
1068 1095 1099 1157 iu
1130 1103 1227 1156 mente

212 1209 358 1288 habuerit.
381 1209 573 1276 Novellarum
597 1211 834 1296 conjunctionem
858 1208 1069 1275 demonstrare.
1099 1245 1134 1260 -

278 1324 466 1391 Justinianus
490 1329 532 1390 sic
554 1324 704 1413 praelatus
727 1339 786 1392 ast:
993 1313 996 1320 ¹

326 1438 446 1524 »Ἴσμεν
479 1439 592 1527 πρῴην
624 1434 808 1516 τεθεικότες
841 1439 942 1522 νόμον
974 1443 1047 1523 περὶ
1080 1438 1228 1526 decoloris

324 1554 548 1639 μανδατώρων
573 1559 608 1620 τὲ
629 1557 685 1620 καὶ
707 1553 867 1640 ἐγγυητῶν
888 1557 944 1618 καὶ
966 1551 1226 1642 ἀντιφωνηεοῑνῆ

326 1666 451 1747 πολλὰς
486 1668 604 1752 ἔχοντα
637 1675 692 1736 καὶ
726 1668 934 1756 κοινωφεΙεΐς
966 1679 1033 1746 τοῖς
1066 1669 1228 1757 ἢμεοέροις

324 1779 494 1853 imrateca
520 1789 735 1870 νομοθεσίας·
759 1785 812 1852 dmi
841 1785 879 1851 δὲ
905 1785 964 1850 τοῦ
990 1787 1151 1874 παρόντος
1173 1791 1228 1851 καὶ

325 1900 434 1990 ἑτέρας
463 1900 540 1990 ἡμῖν
561 1901 656 1983 ἔδοξε
680 1902 813 1968 δεῖσθαι
834 1905 921 1978 σίνος
944 1900 1171 1987 ἔπεξερνασίας
1193 1905 1229 1967 σὲ

325 2023 381 2084 καὶ
402 2019 588 2106 προςθήκης
610 2016 669 2086 ode
692 2015 856 2101 ἀγεννοῦς,
885 2015 962 2084 οὐδὲ
984 2019 1029 2108 τῷ
1050 2022 1148 2109 κοινῷ
1170 2017 1229 2083 τοῦ

324 2130 558 2219 πολιτεύματος
581 2129 789 2211 ἀλυσιτελοῦς
811 2135 1045 2221 καθεστώσης(

282 2249 364 2336 Quae
387 2251 478 2318 verba
500 2251 685 2318 Holcooder
706 2257 748 2318 ita
770 2253 935 2318 transtulit:

325 2368 463 2434 »Scimus
485 2369 600 2457 pridem
623 2392 679 2434 nos
696 2369 793 2456 dapem
811 2368 848 2433 dc
864 2369 1004 2435 electione
1019 2368 1227 2435 mandatorum

325 2485 387 2551 rell.
418 2485 537 2563 tulisse,
571 2497 651 2566 quat
682 2487 803 2551 tametsi
829 2485 936 2550 multas
960 2497 990 2550 et
1018 2488 1227 2551 incommune

325 2601 464 2668 omnihus
488 2601 679 2667 collatoribus
702 2604 814 2667 nostris
830 2601 918 2666 utiles
933 2599 1131 2689 legislationes
1148 2623 1229 2666 corn·

324 2718 477 2805 plectitur:
507 2720 538 2781 in
566 2721 733 2806 praesentia
759 2730 859 2800 tamen
883 2729 913 2780 et
934 2717 991 2780 alia
1013 2721 1153 2804 quapiam
1175 2740 1228 2781 ex-

324 2832 469 2918 politione
492 2845 521 2898 ct
541 2855 636 2919 neque
652 2831 776 2920 ignobili
793 2830 1064 2918 contemnendaquc
1079 2854 1133 2896 ncc
1148 2854 1228 2896 com·

324 2947 465 3012 munibus
487 2945 665 3033 reipublicae
688 2944 794 3010 usibus
816 2946 914 3010 inutili
937 2949 1098 3011 constituta
1116 2968 1228 3032 appen-

326 3061 389 3126 dice
411 3059 543 3148 indigere
567 3061 654 3127 nohis
677 3063 745 3126 oisc
767 3071 834 3125 ests

280 3175 328 3242 Ex
350 3180 494 3242 sententia
521 3180 612 3265 igitur
633 3177 813 3254 Haloandri‚
844 3179 894 3264 qui
921 3188 1017 3241 totum
1040 3180 1227 3264 prooemium

214 3314 274 3359 uua
307 3292 433 3381 periodo
467 3293 672 3382 amplectitur,
708 3292 831 3358 Novella
866 3306 961 3357 const.
989 3291 1012 3358 d
1042 3292 1226 3379 Imperatori,

213 3430 392 3498 quamquam
415 3409 508 3474 multa
529 3424 686 3498 praecepta
708 3411 792 3475 utilia
810 3413 968 3488 contineat,
992 3422 1088 3476 tamen
1104 3409 1228 3474 Novella

214 3523 271 3605 99,
295 3540 445 3615 tamquam
469 3525 630 3614 appendice
653 3539 683 3590 ct
705 3527 901 3613 expolitione,
925 3524 1058 3614 indigere
1086 3528 1148 3590 vise
1172 3537 1226 3590 cst.

213 3709 304 3765 utiliter
322 3711 477 3764 innovavcrat
495 3711 556 3762 circa
573 3708 729 3778 fidejussores
748 3717 773 3762 ct
784 3710 937 3764 mandatores
951 3717 975 3763 ct
986 3710 1165 3772 constitutores,
1184 3706 1227 3760 ali-

213 3807 273 3877 quid
291 3809 348 3861 novi
365 3807 516 3862 introducere
535 3809 595 3860 circa
613 3804 694 3877 plures
712 3824 768 3860 reos
785 3807 963 3878 promittendi.-

267 3905 289 3972 Β)
313 3905 346 3958 V.
371 3905 498 3960 (iirtanner
519 3923 543 3976 p.
562 3903 623 3959 429.
650 3912 701 3957 not.
720 3905 745 3958 6.
783 3904 917 3959 Burehardi
938 3903 955 3958 l.
968 3903 984 3957 l.
1009 3921 1033 3974 p.
1047 3903 1090 3956 57.
1118 3909 1169 3955 not.
1183 3901 1226 3955 25.

213 3999 354 4075 Vangerow
371 4001 416 4055 li
435 4020 460 4073 p.
477 4003 535 4056 160.

977 4097 1013 4153 ge
