2936 4554
673 255 841 382 2102.

255 477 286 530 et
313 461 457 528 solvendo
489 475 573 540 sunt,
602 462 718 528 toilitor
744 473 774 525 et
801 461 946 540 creditor,
976 465 1028 552 qui
1055 463 1114 528 hor
1136 485 1207 530 orsu
1230 463 1268 530 ab

256 578 394 644 omnihus
416 579 504 644 simul
526 590 622 643 toturn
646 576 777 642 debiturn
791 591 891 666 petere
901 577 1036 664 jubetur,
1060 579 1200 646 damnum
1217 583 1269 646 vix

253 697 398 782 patietnr3
421 696 468 760 sin
490 695 698 782 antemeeteri
720 692 856 758 absentes
878 705 931 758 aut
953 697 1052 760 minus
1071 694 1172 760 idonei
1186 708 1267 774 suut,

254 812 356 876 electio
379 813 494 898 integre
510 813 537 875 ei
552 821 697 876 servatur.
737 807 839 892 Quid?
860 831 932 875 num
946 813 989 876 ita
1004 809 1134 876 duorum
1148 833 1268 878 reorum

254 917 423 992 conuentus
450 928 552 990 irritus
580 923 637 992 fit?
663 925 785 990 Minime
816 926 965 1013 gentium!
994 923 1055 992 Sed
1082 926 1210 992 malitiae
1237 937 1269 992 et

218 1077 222 1082 ·
254 1045 396 1106 anxietati
428 1039 609 1106 creditorum
643 1039 731 1104 simui
759 1053 895 1119 caveron
929 1063 997 1106 naun
1025 1041 1129 1108 eodem
1150 1041 1266 1129 judieio

253 1179 334 1223 nune
356 1179 373 1221 a
395 1153 533 1245 pluribus
556 1167 652 1221 totum
676 1151 807 1222 debitum
830 1159 986 1245 recipiunt,
1010 1179 1071 1246 quo
1095 1157 1173 1222 idern
1194 1155 1266 1222 alias

254 1273 292 1340 ab
316 1295 377 1338 nno
399 1273 587 1359 recepissent.
621 1271 723 1359 Atque
746 1271 819 1360 quid
842 1272 993 1339 molestiae
1015 1273 1071 1338 hae
1093 1276 1123 1338 in
1146 1296 1178 1340 re
1200 1271 1267 1338 esti

253 1386 302 1454 Ab
326 1391 362 1452 iis
386 1387 515 1454 ereditur
528 1399 627 1474 petere
643 1386 740 1465 debet,
763 1391 815 1476 qui
831 1387 950 1465 adsunt,
973 1401 1004 1453 et
1025 1391 1046 1454 ii
1064 1401 1189 1465 tanton,
1214 1389 1266 1475 qui

254 1503 398 1569 solvendo
422 1516 502 1580 sunt,
526 1507 551 1568 ei
568 1503 811 1582 condemnantur,
835 1525 889 1570 ner
911 1503 1050 1570 damnum
1072 1507 1109 1581 ei,
1134 1515 1168 1570 ut
1189 1503 1267 1570 infra

254 1619 513 1697 demonstrabitur,
538 1617 621 1684 iaoilo
644 1631 781 1707 emerget.

318 1728 531 1825 Papinianus⁹)
560 1737 738 1822 principium
764 1733 898 1800 beneficii
928 1734 1084 1801 divisionis
1113 1736 1173 1802 hor
1194 1758 1266 1824 pro·

252 1854 368 1919 fitetur:
399 1850 453 1918 »Si
476 1854 553 1916 euim
578 1850 660 1939 quod
684 1849 785 1915 datum
808 1863 854 1916 est
874 1873 931 1938 pro
958 1851 1016 1916 alio
1039 1851 1182 1928 solvitur,
1213 1873 1266 1918 eur

252 1971 364 2056 speeies
385 1969 510 2033 actionis
533 1970 709 2058 aequitatem
728 1965 883 2032 divisionis
899 1965 1071 2032 excludor«
1095 1965 1185 2050 Quod
1199 1967 1267 2034 lieet

252 2083 291 2150 ad
313 2105 365 2149 eos
387 2095 503 2148 tantum
526 2081 675 2148 debitores
697 2093 825 2170 opertet,
849 2085 901 2169 qui
925 2085 1046 2148 omniuo
1070 2082 1264 2159 intercedunt,

251 2211 349 2264 nmen
363 2198 441 2265 idem
454 2200 646 2288 Papinianus
661 2221 723 2264 non
738 2197 895 2275 dubitavit,
919 2196 1056 2286 pluribus
1071 2197 1224 2264 tutoribus
1230 2191 1264 2274 ιο)

251 2313 424 2380 beneficium
453 2314 528 2379 iilud
555 2313 792 2389 accommodare,
822 2316 848 2378 si
875 2313 996 2379 tutelam
1020 2335 1081 2380 non
1103 2317 1264 2402 attigerint,

252 2423 432 2517 Ulpianusu)
459 2432 648 2506 etiamtum,
676 2431 702 2493 si
727 2450 828 2495 omnes
851 2449 915 2496 eam
937 2432 1091 2517 gesserint.
1130 2428 1265 2518 Utroque

252 2549 283 2610 in
306 2565 376 2610 casu
399 2567 461 2610 uon
484 2546 605 2610 omniuo
628 2565 685 2631 pro
709 2544 766 2610 alio
790 2544 927 2622 solvitur,
952 2545 1004 2611 sed
1026 2543 1149 2610 dubium
1165 2557 1266 2634 potest

252 2681 326 2739 esse,
350 2671 451 2726 utrum
474 2663 509 2738 is,
534 2662 586 2749 qui
609 2660 724 2726 solvere
747 2673 880 2749 rogatur,
903 2682 960 2748 pro
980 2683 1044 2739 sur,
1069 2684 1106 2728 an
1120 2682 1177 2749 pro
1194 2682 1265 2726 eon·

250 2779 361 2844 tutoris
376 2776 553 2865 negligentia
568 2790 622 2843 aut
636 2777 723 2865 eulpa
739 2777 845 2854 solvat,
870 2789 970 2842 uuum
985 2779 1092 2855 minor,
1117 2799 1155 2842 an
1170 2777 1265 2863 major

251 2892 343 2960 debiti
363 2915 432 2981 pers
448 2893 486 2959 ad
501 2893 625 2960 eundem
640 2896 797 2981 pertineat.
834 2891 878 2958 At
887 2894 967 2979 juris
984 2891 1019 2957 de
1034 2895 1133 2980 rigore
1149 2913 1265 2980 semper

250 3011 456 3098 uuusquisque
482 3011 598 3098 pupillo
629 3013 660 3075 iu
683 3008 812 3074 solidum
835 3020 960 3074 tenetur.
1000 3007 1109 3074 Eadem
1131 3006 1263 3072 conditio

251 3147 420 3192 eorreorum
437 3138 496 3192 esta
519 3129 643 3214 pecunia
658 3127 722 3190 sive
745 3135 809 3189 tota
823 3122 862 3188 ad
882 3144 984 3200 noum,
1001 3125 1063 3188 sivo
1078 3146 1134 3210 pro
1150 3125 1262 3210 aequis,

250 3244 313 3306 sire
339 3263 396 3328 pro
426 3240 550 3306 diversis
577 3238 713 3328 partibus
743 3239 781 3304 ad
803 3251 963 3327 utrumque
985 3243 1137 3328 pervenit,
1165 3251 1264 3303 tomen

251 3377 353 3422 omnes
375 3359 441 3443 pari
463 3355 552 3420 modo
576 3359 606 3419 in
630 3353 758 3419 solidum
783 3352 905 3442 obligati
923 3367 1003 3420 sunt.
1043 3353 1125 3438 Quae
1141 3375 1207 3418 eum
1222 3355 1264 3418 ita

250 3474 324 3548 sint,
353 3492 406 3536 our
426 3471 599 3559 Imperatori
623 3469 659 3535 de
682 3489 753 3534 casu
776 3469 928 3536 ordinario
951 3470 1063 3536 edicere
1085 3492 1148 3535 non
1169 3469 1262 3544 liouit,

251 3590 320 3676 quia
342 3590 374 3652 iu
396 3607 467 3652 oasn
482 3585 719 3652 extraordinario
744 3581 882 3669 (abusus)
906 3585 986 3651 aliud
1010 3589 1189 3651 constituero
1207 3605 1264 3672 po·

249 3702 378 3768 ruisset?
403 3702 478 3767 Nam
506 3706 537 3766 iu
566 3725 636 3767 casn
663 3705 829 3790 posteriore
857 3723 978 3790 quoque
1001 3699 1126 3766 »effectu
1149 3697 1264 3787 obliga-

303 3860 326 3926 ν)
348 3859 408 3913 In?
427 3859 456 3912 de
473 3857 537 3929 udej.
556 3865 580 3912 et
596 3859 714 3913 nominat.
743 3889 777 3898 -
805 3859 838 3926 ¹⁰)
861 3858 890 3911 L.
902 3857 937 3914 38
955 3875 991 3930 pr.
1010 3856 1040 3914 de
1058 3856 1147 3914 admin,
1165 3862 1212 3910 tur,

305 3946 338 4016 ³¹)
361 3947 389 4000 L.
406 3948 427 4002 l.
446 3945 461 4019 5
477 3947 588 4004 10-12
607 3947 637 4004 de
654 3955 701 4004 tut.
720 3955 745 4004 et
762 3955 807 4004 rat.
826 3946 895 4006 distr.

1453 873 1460 982 i
