2936 4554
696 307 857 408 Q

268 489 442 556 Adversrrii
466 490 616 577 opinionis
640 487 804 554 communis
834 485 901 554 inele
925 485 1103 554 abAsvero
1126 485 1283 574 usquead

268 605 494 682 Dcdelrindium,
519 607 633 670 nemine
650 603 799 670 lautorum
815 606 980 683 resistente,
1004 603 1100 668 dicere
1117 603 1198 668 soliti
1214 616 1283 668 sunt

269 721 345 787 hanc
368 720 596 807 descriptionem
610 719 721 787 ,loliani
737 725 799 786 suis
817 724 969 788 sententiis
987 741 1159 808 congruere.
1196 717 1284 803 Quod

269 841 395 902 nonita
418 849 476 914 est,
501 839 572 924 quia
594 836 731 903 Julianus
754 851 784 903 et
807 859 895 904 ’reos
917 835 1127 925 promittendi,
1155 845 1190 901 et
1212 836 1284 901 alter

271 1069 438 1155 adjecerint,
461 1081 651 1155 praeceptum
674 1067 826 1134 manifeste
849 1073 892 1134 sic
914 1067 1026 1134 reddit:
1051 1081 1141 1133 »tnnc
1158 1089 1213 1155 pro
1230 1089 1284 1132 sua

270 1187 409 1271 portione
433 1187 472 1248 sit
495 1183 682 1272 obligatus«,
714 1207 803 1273 quarn
827 1184 919 1251 debiti
942 1183 1182 1250 distributionem
1206 1206 1285 1248 com·

270 1304 348 1388 perti
371 1321 473 1365 sumus
497 1299 535 1364 ad
559 1299 693 1366 diversos
718 1323 817 1379 casus,
848 1323 936 1389 quam
959 1301 1002 1365 illi
1025 1303 1152 1388 quisque
1173 1321 1230 1388 pro
1254 1322 1284 1364 sc

270 1417 392 1494 volunt,
422 1415 623 1502 fidejussionis
652 1429 771 1482 mutuae
800 1416 903 1482 relerri
931 1440 992 1482 non
1021 1437 1122 1502 posse.
1174 1414 1285 1480 Nostra

270 1546 368 1598 autern
392 1536 495 1619 opinio
518 1555 573 1621 per
597 1533 747 1598 lulianum
776 1537 807 1600 in
830 1555 932 1600 ornnes
955 1546 1054 1621 partes
1084 1531 1283 1598 confirmatur.

269 1647 345 1714 Nam
373 1653 399 1713 si
426 1651 468 1715 rei
492 1648 683 1735 promittendi
713 1648 840 1726 suerint,
868 1653 911 1716 ita
939 1661 974 1715 ut
1003 1650 1077 1714 alter
1105 1670 1161 1736 pro
1192 1649 1284 1714 altero

270 1764 439 1853 fidejubeat,
464 1787 515 1830 eos
538 1767 663 1830 inuicem
683 1763 851 1852 fidejubere,
876 1764 944 1829 inde
967 1767 1051 1852 sequi
1075 1763 1178 1842 elucet,
1203 1763 1286 1852 quod

270 1884 312 1946 rei
336 1880 529 1967 promittendi
555 1883 622 1945 sint.
671 1880 787 1964 Quodsi
809 1880 945 1946 Julianus
969 1878 1062 1945 verbo
1086 1879 1284 1967 »fidejubent«

271 1999 423 2062 notionem
454 2000 536 2062 vocis
571 1993 834 2082 »ἄλληλεγγύωςε
868 2018 931 2062 non
965 1998 1037 2061 satis
1071 2007 1205 2062 accurate
1233 2019 1287 2061 ex-

270 2116 395 2201 pressit,
426 2134 502 2201 quae
525 2113 648 2180 alterum
677 2136 732 2201 pro
762 2114 854 2179 altero
877 2115 969 2179 teneri
991 2124 1108 2179 tantum
1131 2111 1284 2200 significet,

270 2243 378 2308 tamen,
404 2233 455 2318 qui
478 2229 514 2295 de
538 2230 728 2316 fidejussione
751 2251 854 2295 revera
876 2232 950 2294 inita
973 2228 1012 2294 ob
1038 2227 1286 2315 Conjunotionem

273 2359 346 2411 »ut«
363 2348 486 2432 cogitari
509 2367 571 2410 non
592 2349 733 2431 potuerit,
759 2367 826 2410 eum
841 2341 933 2410 verbo
951 2344 1079 2432 quidem,
1104 2344 1158 2410 sed
1174 2366 1287 2433 nequa·

273 2482 361 2549 quarn
384 2463 450 2548 ipsa
472 2482 504 2525 re
527 2458 564 2523 ab
584 2462 826 2547 interpretatione
850 2473 952 2544 nostra
977 2461 1131 2528 dissentire
1154 2473 1288 2549 apparet.

272 2576 369 2642 Porro
384 2574 496 2664 ubique
512 2578 657 2662 epitomae
673 2576 825 2663 stipulatio
848 2580 1039 2664 conspicitur,
1056 2591 1086 2644 et
1102 2577 1186 2666 quod
1201 2599 1290 2664 prae-

273 2705 391 2781 ceptum
412 2690 553 2760 Novellae
576 2691 738 2758 secundum
761 2695 921 2781 proponit,
950 2716 1004 2781 per
1027 2715 1059 2758 se
1081 2693 1191 2781 liquet,
1220 2715 1289 2758 sen-

272 2813 379 2875 tentias
415 2810 549 2895 opinioni
583 2821 703 2875 nostrae
738 2812 900 2875 contrarias
932 2808 1075 2875 beneficio
1113 2831 1131 2874 e
1166 2809 1288 2874 Juliano

273 2926 421 3014 descripto
448 2948 511 2991 non
540 2925 730 3013 respondere.
777 2925 836 3009 Qui
865 2938 962 2992 autem
991 2913 1124 2991 nostram
1147 2924 1290 2990 Novellae

271 3045 543 3130 interpretationem
568 3055 702 3108 accurate
723 3045 909 3129 pernoverit,
940 3044 992 3106 vix
1020 3041 1182 3130 quidquam
1205 3044 1291 3106 inve-

271 3161 342 3235 niet,
368 3157 450 3245 quod
473 3159 543 3221 huic
566 3157 721 3245 Epitomae
744 3161 925 3223 contrarium
948 3161 997 3224 sit.

338 3273 373 3336 lt.
408 3270 549 3336 Novellae
577 3273 747 3349 translatio,
786 3295 861 3360 quae
889 3276 919 3338 in
947 3273 1079 3361 Vulgata
1109 3277 1289 3353 continetur,

273 3391 415 3474 inscripta
438 3400 496 3451 este
524 3385 588 3452 »De
611 3391 668 3452 reis
691 3388 908 3476 promittendi«
932 3411 996 3455 vox
1018 3401 1115 3456 antem
1138 3385 1210 3456 ott.
1233 3386 1291 3454 ὑπ.

270 3503 315 3568 ibi
349 3501 541 3568 transfertur:
575 3503 707 3569 »alterno
740 3505 930 3591 fidejussione
960 3504 1109 3594 ohligant«
1154 3506 1203 3572 Ex
1231 3507 1292 3572 hac

272 3623 355 3685 vocis
383 3619 575 3685 translatione
604 3635 809 3708 argumentum
838 3622 956 3708 quidem
987 3635 1089 3687 eontra
1117 3626 1292 3710 opinionem

273 3758 456 3802 communem
487 3735 614 3801 derivari
642 3741 766 3823 poterit,
796 3737 849 3802 sed
877 3738 958 3802 nulla
981 3759 1119 3824 peream
1144 3737 1295 3803 corrobo-

272 3865 357 3917 ratur
379 3856 522 3918 sententia
545 3852 617 3929 alia,
646 3857 704 3917 nisi
731 3852 807 3919 lorte
830 3877 878 3932 ea,
909 3874 997 3942 quam
1021 3853 1196 3918 Franciscus
1219 3853 1296 3920 Bal·

275 3967 383 4033 duinus
404 3972 558 4070 proponit.
595 3968 715 4034 Titulus
738 3983 836 4036 autern
859 3968 1021 4048 Novellae,
1048 3992 1134 4058 quern
1157 3969 1298 4060 Vulgata
