2936 4554
611 344 771 444 2¹5..

228 519 418 591 καταλιπών
432 518 490 591 τᾶν
504 522 663 592 Λεόντιον
685 522 800 606 ἔγγυον
821 524 887 592 τῶν
909 525 1008 591 εἴκοσι
1029 522 1199 593 ταλάντων

296 637 415 729 (Polyb.
433 641 479 707 ed.
495 641 613 706 Bekker
636 642 673 706 Τ.
687 642 708 706 Ι.
726 641 756 720 5,
782 639 848 723 27).

251 756 334 841 Quae
356 779 422 823 oum
445 761 487 824 ita
509 761 577 835 sint,
602 770 633 823 et
654 761 795 846 quoniam
820 761 979 847 scriptores
998 757 1101 824 Graeci
1124 758 1198 822 clas·

183 875 236 938 sici
251 876 407 940 varietates
422 879 650 940 intercessorum
669 876 738 962 jure
753 875 891 940 Romano
908 873 1043 962 proditas
1058 895 1120 939 non
1141 896 1197 938 no-

182 1003 303 1067 verunt,
335 988 523 1078 Adjectivum
546 988 658 1072 ἔγγνος
680 991 719 1056 ad
739 991 946 1078 fidejussores,
977 994 1030 1079 qui
1055 991 1198 1078 singulari

182 1106 383 1194 stipulationis
405 1111 528 1196 negotio
544 1107 810 1187 constituebantur,
834 1109 981 1194 pertinere
1002 1128 1065 1171 non
1086 1117 1196 1193 potest,

182 1222 236 1287 sed
248 1222 321 1289 tales
334 1222 483 1290 debitores
500 1224 653 1312 siguificat,
671 1227 723 1311 qui
737 1223 912 1312 generaliter
927 1225 1092 1290 securitatis
1108 1244 1198 1287 causa

182 1341 384 1427 accipiuntur,
408 1341 460 1425 qui
489 1337 570 1427 apud
592 1339 746 1404 Romanos
775 1351 827 1403 aut
849 1352 885 1404 ut
905 1338 1113 1424 fidejussores,
1145 1351 1197 1404 aut

182 1465 218 1518 nt
239 1453 427 1518 mandatores
451 1465 518 1519 cett.
541 1454 702 1542 accipiendi
725 1454 860 1520 luissent.

182 1597 185 1604 ⁴
251 1567 449 1652 Quamobrem
468 1551 558 1657 juxta
573 1572 690 1658 regulas
707 1569 744 1636 de
760 1591 848 1636 onere
862 1567 1051 1657 probationis
1067 1581 1127 1635 tam
1144 1569 1195 1634 diu

182 1682 255 1750 haec
278 1685 421 1752 derivatio
445 1686 529 1751 firma
552 1709 585 1751 ac
608 1687 706 1752 valida
729 1689 793 1765 erit,
818 1686 913 1752 donec
933 1689 1001 1774 quis
1024 1685 1195 1763 ostenderit,

183 1823 247 1866 carn
276 1803 358 1866 vocis
382 1798 533 1883 »ἔγγυοςι
560 1807 712 1869 notionem
739 1825 829 1869 cursu
858 1814 1026 1890 temporum
1054 1814 1195 1866 mutatam

182 1939 262 1996 esse,
299 1917 330 1982 id
360 1918 444 2006 qnod
476 1917 602 1984 sortasse
637 1922 723 1985 etiam
758 1941 865 2008 negare
894 1921 1009 2006 possis,
1046 1921 1073 1982 si
1107 1939 1195 1984 voces

183 2029 427 2119 »ἀλληλεγγύως
444 2032 634 2100 δανεισθὲν(
650 2048 680 2100 et
694 2027 944 2122 »dttqbyyo'ue
958 2030 1164 2111 ὑπευθύνους
1170 2058 1194 2111 a,

182 2148 291 2237 quibus
319 2149 505 2216 iustinianus
538 2173 613 2216 usus
643 2163 701 2228 est,
737 2154 814 2216 inter
848 2172 879 2216 sc
914 2172 1084 2239 comparare
1112 2151 1194 2216 velis.

180 2265 297 2333 Etenim
319 2269 458 2356 protinus
480 2266 536 2333 tibi
558 2267 693 2345 elucebit,
718 2252 753 2332 in¹
770 2268 821 2332 illa
836 2288 909 2332 vocc
925 2265 1108 2333 Adverbium
1132 2262 1195 2330 ‹tt-

181 2378 363 2469 leieryalme
377 2405 468 2450 sensu
481 2384 598 2449 Passiri
619 2379 729 2472 (rquae
745 2386 870 2469 pecunia
885 2395 991 2448 mutua
1012 2381 1068 2448 sub
1085 2383 1196 2448 alterna

180 2499 238 2564 lide
267 2522 371 2566 secura
394 2499 470 2566 lacta
499 2497 597 2583 esta),
627 2501 658 2564 in
687 2499 743 2564 hac
771 2522 861 2565 sensu
883 2499 985 2565 Aetiri
1007 2494 1119 2581 (males
1141 2503 1194 2575 rei,

180 2627 215 2681 ut
237 2617 309 2682 alter
331 2638 388 2705 pro
410 2617 502 2682 altero
519 2619 705 2683 securitatem
729 2613 900 2705 praestata)
923 2619 1096 2682 instructam
1120 2637 1193 2692 esse,

180 2730 372 2817 quamobrem
391 2730 550 2797 clarissime
566 2743 700 2819 apparet,
724 2730 924 2797 lastinianum
940 2751 1042 2818 aeque,
1066 2753 1100 2795 ac
1124 2734 1195 2796 sori·

179 2857 281 2933 ptores
305 2845 434 2912 Graecos
457 2849 613 2934 antiquos,
643 2866 746 2910 rocem
776 2840 898 2926 ἕγγύως
920 2849 1086 2931 promiscue
1109 2846 1194 2911 adhi-

179 2959 290 3026 buisse.
327 2960 524 3045 Quamobrem
548 2962 612 3046 ejus
635 2958 720 3024 verbi
743 2963 789 3024 vis
812 2973 902 3048 atque
924 2961 1039 3025 indoles
1062 2974 1194 3047 ternpore

178 3075 339 3141 lastiniani
361 3099 423 3141 non
447 3077 503 3141 alia
526 3076 645 3141 ridetur
666 3075 742 3141 facta
765 3098 844 3154 esse,
873 3097 961 3163 quam
985 3097 1061 3164 quae
1084 3077 1152 3141 olim
1177 3099 1193 3141 a

180 3191 376 3280 scriptoribus
400 3195 496 3258 aureis
521 3194 546 3257 ei
569 3190 766 3258 tribuebatur.

641 3369 729 3455 529.

177 3507 212 3575 ll.
243 3507 314 3592 Qni
343 3509 422 3573 sint
448 3500 731 3593 ἅλληλεγγύως
752 3499 998 3585 ὑπεύθυνοι,
1021 3508 1192 3596 explica-

304 3637 373 3690 tur.
402 3664 438 3677 -
471 3620 499 3689 l.
523 3625 796 3711 Interpretatio
819 3626 1065 3710 grammatica.

246 3775 356 3842 Omnes
371 3769 534 3858 fautores¹)
551 3777 734 3852 nonninus,
761 3796 848 3862 quarn
865 3775 1026 3841 adversarii
1043 3779 1192 3863 opinionis
1221 3854 1229 3867 ι

179 3895 342 3957 communis
366 3893 421 3956 bac
447 3896 478 3957 in
501 3903 670 3969 recerunt,
700 3891 784 3978 quod
806 3887 1027 3969 toulantllttttls
1049 3889 1193 3957 Adverbii

232 4080 253 4149 ¹)
275 4080 394 4152 Appelins
406 4084 480 4138 Arcb.
494 4083 510 4138 l.
524 4085 568 4138 civ.
581 4085 622 4140 l’r.
641 4083 687 4137 Bt.
700 4083 770 4138 XVI.
786 4099 810 4154 p.
823 4083 883 4150 295,
902 4081 1049 4157 singularem
1064 4083 1117 4154 rjus
1132 4101 1192 4142 con·

978 4179 1020 4238 gs
