2936 4554
695 303 854 403 *ιιι*

267 511 344 580 quae
376 501 483 555 natura
497 475 634 577 'quoque
662 485 863 574 stipulationis
892 489 1087 554 communiter
1114 501 1281 558 contractae

266 609 466 695 requirantur.

333 721 589 809 Praepositioncm
611 713 693 784 sord
718 713 793 806 (cciv
814 727 948 806 ponique,
975 712 1056 784 καθ’
1069 718 1111 806 ἢν
1132 721 1178 785 la.
1200 719 1281 803 ssi.)

266 839 422 926 hucusque
451 859 519 902 cunr
546 835 727 902 Haloandro=
747 849 778 902 et
798 828 1033 924 Hombergkio³l
1055 835 1281 926 Praepositione

265 955 372 1022 Latina
401 973 498 1042 rpro«
519 952 741 1030 transtulimus,
773 951 844 1016 dum
866 951 997 1040 Vulgata
1018 953 1127 1018 metius
1149 952 1282 1042 Praepo-

267 1073 375 1136 sitione
397 1067 599 1133 »secundum«
623 1071 726 1133 utitur.
764 1063 856 1132 Κατὰ
878 1070 965 1146 enim,
989 1070 1099 1134 sinon
1122 1067 1161 1134 ad
1183 1069 1281 1134 locum

267 1186 315 1250 vel
337 1184 377 1249 ad
398 1196 515 1272 tempus
537 1186 670 1272 respicit,
699 1184 874 1272 plerumque
896 1186 1050 1250 notionem
1073 1185 1125 1248 »in
1148 1183 1282 1251 Gemils-

266 1301 339 1378 hcit,
355 1307 503 1388 remige,
519 1321 645 1388 noegeu«
660 1292 789 1382 habet‘),
808 1321 897 1392 (Ῑιιιιιι
912 1298 1077 1386 relinquero
1091 1301 1174 1366 nullo
1189 1301 1280 1366 modo

267 1419 410 1505 cogimur.
448 1415 523 1482 Nam
547 1417 573 1480 si
594 1415 816 1480 translationem
830 1416 921 1502 juxta
935 1413 1166 1482 Haloandrinam
1181 1430 1281 1504 partes

266 1533 366 1598 viriles
393 1535 534 1620 protinus
562 1529 599 1596 ab
627 1533 715 1596 initio
742 1532 774 1595 in
801 1529 901 1596 libello
929 1533 1054 1596 actionis
1085 1531 1281 1598 demonstrari

266 1650 481 1736 acciperemus,
503 1647 596 1724 fieret,
621 1659 656 1712 ut
672 1645 770 1734 judex
792 1645 927 1735 singulos
949 1645 1087 1733 pluribus
1109 1650 1141 1712 in
1163 1648 1281 1714 casibus

266 1763 359 1839 ultra,
386 1784 476 1851 φιιιιι
499 1760 662 1828 secundum
683 1764 809 1847 petitum
831 1763 941 1826 actoris
964 1761 1187 1842 condemnaret,
1215 1786 1281 1830 cum

267 1882 292 1944 si
307 1879 440 1967 reliquos
456 1881 579 1944 omnino
593 1890 647 1944 aut
661 1879 760 1942 minus
774 1876 918 1942 solvendo
935 1899 999 1943 esse
1015 1893 1179 1967 appareret,
1202 1901 1282 1946 nnus

267 2017 306 2060 ex
328 1996 440 2060 corneis
462 1996 549 2059 etiam
571 1996 603 2058 in
618 1991 659 2071 id,
684 1992 768 2081 quod
787 1996 923 2058 aceteris
940 1996 1031 2082 recipi
1046 2017 1108 2060 nou
1122 1999 1281 2083 potuisset,

266 2132 338 2199 ergo
362 2109 440 2176 ultra
463 2121 575 2197 partem
598 2112 719 2198 petitam
734 2111 827 2175 teneri
843 2103 1005 2191 deborct⁶).
1043 2110 1145 2199 Atque
1168 2124 1197 2177 et
1216 2115 1282 2199 ipso

265 2226 418 2315 legislator
439 2224 596 2292 uobiscum
617 2224 712 2291 lacero
724 2223 851 2302 videtur,
876 2246 942 2290 cum
965 2227 991 2290 si
1013 2225 1120 2312 reliqui
1137 2225 1281 2294 solvendo

266 2354 297 2407 ct
318 2353 488 2428 praesentes
511 2343 581 2418 siut,
605 2362 657 2406 eos
679 2361 827 2428 quemque
843 2343 874 2405 in
889 2334 1072 2429 propriam⁶l
1095 2355 1207 2429 partam
1230 2342 1284 2408 de-

266 2454 363 2521 bitum
379 2455 498 2542 exploro
508 2453 623 2542 jubeat,
647 2475 723 2542 quae
741 2454 908 2542 dispositio,
934 2459 959 2522 si
974 2469 1074 2545 partes
1092 2470 1127 2523 ut
1141 2457 1179 2524 ab
1194 2461 1279 2524 initio

267 2572 504 2660 exprimerentur
517 2591 620 2636 revera
636 2569 787 2647 edixisset,
811 2571 963 2658 superflua
978 2586 1065 2651 esset,
1088 2573 1282 2662 quamohrem

267 2685 396 2753 editores
419 2707 550 2775 quoqne,
574 2689 599 2751 si
616 2685 690 2752 illud
705 2685 863 2752 discrimen
877 2691 1066 2776 perspicuum
1082 2711 1143 2756 non
1158 2689 1280 2767 habent,

268 2800 359 2868 verba
381 2797 574 2886 (ἕκαστονΗ
590 2799 700 2893 μέρος)
723 2806 838 2869 uncinis
861 2803 1027 2870 includunt.

731 2979 820 3066 sao.

614 3113 932 3182 Continuatur.

332 3264 399 3329 lam
424 3287 495 3330 vero
523 3265 562 3330 ad
590 3263 775 3353 probandam
804 3268 947 3331 actionem
978 3266 1103 3332 divisam
1130 3279 1283 3354 uansgre·

267 3378 380 3445 dientes
410 3379 546 3446 everbis
576 3383 671 3467 princ.
695 3381 787 3468 cap.l
811 3403 892 3448 »non
920 3395 1016 3448 tamen
1038 3403 1112 3447 mox
1133 3381 1171 3446 ab
1194 3383 1281 3447 initio

319 3577 342 3646 8)
367 3577 435 3642 Quae
454 3577 577 3634 translatio
595 3581 660 3653 apud
674 3580 869 3656 Homloergltinm
888 3583 1063 3656 vituperatione
1080 3581 1152 3656 digna
1169 3599 1219 3638 uon
1237 3589 1283 3648 est,

269 3695 325 3732 cum
344 3675 450 3732 solidum
467 3695 512 3750 pro
530 3687 596 3751 parte
614 3681 662 3750 peti
681 3681 810 3752 scripserit.

320 3776 343 3845 ⁴)
366 3776 478 3850 llmegcr
494 3775 510 3830 l.
524 3774 540 3830 l.
560 3775 686 3848 §68,25.
703 3779 737 3832 t.
750 3777 775 3832 2.
804 3779 869 3851 Pape
886 3776 903 3832 l.
916 3777 932 3833 l.
952 3795 972 3833 s.
985 3778 1009 3832 h.
1022 3795 1047 3832 v.
1065 3796 1102 3833 nr.
1115 3777 1206 3833 3-6.

319 3875 342 3942 ⁶)
366 3873 416 3930 cn.
436 3873 506 3945 540.
536 3905 570 3916 -
597 3874 619 3944 ⁰)
642 3875 795 3932 Justinianus
813 3873 841 3931 ad
854 3879 953 3932 elacior
963 3877 1044 3952 μέρος
1056 3877 1078 3932 ci
1090 3877 1197 3951 opponit,
1216 3873 1282 3953 ὅπερ

266 3969 361 4042 essm
377 3967 451 4047 παρὰ
467 3973 519 4030 τῶν
536 3971 624 4030 ἄλλων
640 3973 688 4030 οὐκ
705 3974 832 4042 ἠδυνήθη.
868 4049 871 4056 .
