2936 4554
680 287 840 390 Α

255 471 401 536 ditionem
424 465 494 552 (el)
518 469 736 536 demonstrarit.
769 463 851 556 Ergo
874 471 899 534 si
923 491 1002 535 uuus
1025 472 1056 533 in
1079 467 1207 535 solidum
1224 471 1269 534 in·

254 591 338 652 terim
361 609 421 652 uon
445 587 513 675 eligi
537 585 633 663 debet,
649 563 729 673 ¹qnia
752 584 881 651 creditor
904 585 1046 652 adversus
1064 585 1196 671 reliquos
1212 606 1267 670 prn

254 703 389 791 partibus
417 724 503 790 agere
521 702 660 788 jubetur,
692 702 740 766 illc
765 723 886 790 quoque
907 725 969 770 uon
993 701 1031 766 ad
1054 715 1185 788 tempus,
1215 699 1277 764 sed·

254 819 311 884 sub
340 818 510 885 conditione
536 817 717 883 insolidum
742 817 809 906 eligi
833 815 1018 902 (iinteriaw)
1041 809 1200 898 vetatur⁸).
1229 853 1264 864 -

255 933 338 1019 Quae
361 947 428 1001 curte
451 938 493 1000 ita
515 937 575 999 sint
602 937 706 1000 merito
735 913 957 1015 cupiendimus,
981 934 1187 1020 supplemento
1210 931 1269 996 [te-

254 1051 433 1116 dckindiano
457 1072 560 1115 vocem
590 1051 687 1124 »τέως
714 1051 795 1134 pter
818 1073 881 1115 nou
903 1049 1058 1136 explicari,
1088 1060 1178 1136 atque
1201 1069 1267 1112 cum

254 1168 311 1232 elia
339 1166 471 1254 ejusdem
493 1168 575 1232 vocis
598 1168 802 1253 interpretatio
826 1185 887 1230 non
910 1177 1021 1242 exstet,
1051 1185 1162 1253 neque,
1192 1185 1268 1252 quae

255 1304 289 1349 ea
302 1284 415 1369 justior
433 1286 481 1361 sit,
505 1283 616 1348 solutio
636 1284 761 1347 inveniri
777 1285 883 1369 possit,
907 1285 1185 1369 interpunctionem,
1209 1303 1269 1368 qua

255 1398 292 1464 de
322 1402 434 1487 agitur,
464 1399 629 1485 rejiciamus
660 1410 780 1485 oportet
807 1410 837 1463 et
864 1396 1194 1486 Osenbrueggeuianam
1222 1420 1268 1462 se·

256 1536 392 1602 quamue.
440 1515 506 1599 Qua
541 1515 684 1604 adoptata
717 1536 812 1603 neque
839 1514 949 1602 ellipsis
978 1517 1135 1602 recipitur,
1172 1535 1267 1601 neque

255 1635 351 1697 oratio
380 1654 484 1720 parum
512 1632 630 1720 elegans
653 1643 705 1696 aut
728 1631 814 1719 plane
836 1634 936 1718 inepta
959 1629 1132 1696 obtruditur
1151 1630 1269 1718 legisla-

254 1751 323 1824 tori,
347 1769 442 1836 neqne
466 1748 532 1814 voci
555 1749 653 1824 »τέως
673 1751 753 1831 pie«
775 1750 860 1814 notio
884 1749 1031 1812 contraria
1053 1745 1156 1812 deerit.

322 1862 429 1929 Verbis
453 1866 529 1929 enim
553 1865 632 1938 τέως
644 1867 705 1946 μὲν
720 1898 763 1910 -
780 1861 870 1929 verbe
884 1871 1001 1946 χωρεῖν
1017 1859 1054 1926 di
1069 1862 1187 1949 opponi
1201 1883 1269 1927 cen·

255 2001 363 2044 semus.
388 1979 573 2044 Dedelrindio
581 1973 616 2061 ⁹),
639 1979 735 2067 qualis
751 2001 854 2044 eorum
870 1981 910 2043 sit
924 1979 1089 2055 antithesis,
1116 1981 1269 2065 quaerenti

255 2096 328 2160 lraec
350 2095 564 2162 consideranda
587 2109 673 2162 sunt:
696 2096 859 2183 Imperator
880 2093 1054 2162 creditorem
1070 2097 1185 2159 interim
1202 2096 1269 2182 qui·

255 2210 321 2277 dem
345 2224 447 2278 contra
475 2213 607 2301 reliquos
637 2234 758 2300 qunque
786 2210 947 2299 procedere
970 2209 1072 2296 jubet,
1096 2209 1268 2297 procedere

255 2341 352 2424 autem
360 2327 448 2414 jubet
464 2366 497 2378 -
515 2341 568 2394 aut
578 2333 635 2394 ita:
647 2329 810 2416 Imperator
822 2327 924 2404 edixit,
939 2341 973 2392 ut
984 2327 1113 2393 creditor
1124 2339 1154 2392 et
1165 2339 1268 2390 contra

254 2443 385 2530 reliquos
408 2444 572 2530 procedere,
592 2442 706 2522 debeat,
731 2446 844 2508 etiamsi
865 2447 981 2510 iuterim
1003 2435 1170 2526 tantum¹⁰).
1199 2441 1267 2525 Quo

309 2715 333 2780 8)
357 2715 446 2770 Utrum
459 2721 540 2769 autem
552 2732 619 2770 uuus
632 2732 663 2770 cx
675 2717 763 2772 terreis
775 2717 800 2770 iu
813 2715 917 2772 solidum
933 2715 988 2790 eligi
1005 2735 1054 2771 nou
1072 2717 1164 2782 debeat,
1182 2715 1267 2779 donec,

255 2831 286 2868 au
303 2820 355 2868 nter·
372 2815 508 2885 apparuerit
525 2822 588 2880 cett,
607 2833 634 2869 ea
651 2816 677 2869 in
694 2833 720 2871 re
738 2816 763 2869 id
781 2815 909 2871 discrimen
930 2816 1010 2870 inesse
1027 2813 1136 2880 iidemu,
1154 2813 1228 2884 qued,
1246 2813 1268 2865 si

251 2912 302 2983 jem
313 2911 342 2966 ab
354 2912 421 2967 initio
434 2913 536 2970 creditor
547 2931 691 2988 persuasum
703 2915 748 2968 sibi
757 2914 843 2970 hebeat
855 2922 879 2968 ct
890 2921 974 2984 postea
981 2911 1058 2982 judici
1070 2912 1171 2983 probare
1182 2911 1267 2983 possit,

255 3020 346 3065 ceteros
365 3028 433 3084 egere
451 3011 489 3066 vel
507 3011 601 3078 abesse,
624 3029 780 3083 nequaquam
805 3020 885 3064 tamen
909 3014 930 3065 ei
953 3012 1100 3082 permittitur
1116 3008 1163 3062 illis
1180 3008 1267 3062 relictis

255 3127 311 3162 cum
329 3127 379 3163 uuo
397 3109 423 3162 in
441 3108 547 3163 solidum
565 3111 676 3181 experiri,
695 3110 737 3164 sed
756 3110 851 3164 nonnisi
869 3107 966 3162 illorum
985 3107 1139 3163 facultatibus
1157 3109 1267 3163 excussis

254 3207 278 3259 iu
297 3204 402 3260 solidum
421 3223 489 3280 agere
507 3209 601 3278 poterit.
622 3237 655 3247 -
674 3206 798 3260 Dedclrind
812 3225 896 3262 vocem
916 3211 1035 3277 φανεῖεν,
1054 3207 1120 3279 quod
1133 3206 1163 3260 ad
1175 3207 1267 3277 copiam

256 3302 364 3357 solvendi
383 3304 480 3374 quidem
500 3306 596 3369 attinet,
618 3304 746 3358 uobiscum
764 3304 795 3358 ad
812 3305 973 3378 coguitionem
987 3305 1077 3376 judicis
1094 3306 1211 3376 respicere
1229 3315 1282 3356 ar·'

254 3400 365 3464 bitratur,
383 3399 426 3453 sed
443 3402 577 3470 praesentia
595 3417 671 3471 aeque
690 3401 794 3456 conditio
811 3411 849 3456 est
866 3401 972 3464 beneficii
990 3402 1116 3468 Nuvellae,
1136 3401 1208 3472 cujus
1225 3417 1269 3455 cur

254 3498 370 3550 rationem
389 3505 473 3550 auctor
490 3497 535 3550 hoc
553 3496 606 3552 loce
624 3516 673 3551 nou
685 3499 802 3566 habuerit,
821 3501 955 3556 secundnm
972 3503 1114 3556 seutentiam
1127 3498 1269 3554 Dedelriudii

254 3612 303 3648 uon
322 3603 448 3649 assecutus
468 3612 532 3648 sum.
551 3624 585 3634 —
604 3596 719 3660 Quaestio
738 3596 783 3663 illa,
803 3606 886 3652 utrum
905 3598 1004 3654 effectus
1022 3599 1120 3652 anobis
1133 3599 1269 3668 descriptus

255 3695 384 3747 sententiae
402 3692 543 3746 Dedclrindii
562 3693 591 3747 de
603 3692 704 3749 Novella
722 3696 847 3749 universae
866 3704 989 3768 congruat,
1008 3714 1089 3762 necne,
1108 3695 1137 3748 ad
1156 3712 1201 3747 nos
1219 3711 1268 3746 uon

253 3793 368 3862 pertinet,
393 3809 450 3845 cum
473 3790 571 3844 candem
590 3791 809 3862 interpretationem
827 3790 994 3864 amplectentes
1017 3792 1062 3848 alio
1080 3801 1162 3847 tamen
1180 3789 1267 3846 funda-

254 3897 337 3943 mento
355 3891 468 3944 nitamur.

307 3987 329 4056 ⁹)
352 3985 476 4042 Dedelriud
495 3983 564 4056 582,
579 3986 602 4039 1.
631 4015 665 4028 -·
694 3988 726 4058 ¹⁰)
754 3985 804 4043 cfr.
823 3987 937 4043 Matthiae
955 3987 1000 4042 l.l
1019 3986 1108 4059 5622,
1120 3987 1145 4043 3.
