2952 4556
640 409 648 414 .
703 318 798 416 47.-

214 499 343 564 creditor
373 521 389 563 c
419 498 610 584 fidejussione
645 509 747 560 mutua
775 495 905 561 debitum
932 509 1031 583 petere
1057 508 1173 584 potest,
1210 519 1227 560 a

214 635 274 702 quo
299 615 378 680 uelit.

283 729 364 812 Quae
394 751 460 795 cum
488 732 530 792 ita
558 732 632 806 sint,
662 729 772 793 seilicet
801 731 870 815 quia
897 740 1003 792 natura
1026 728 1227 813 fidejussionis

214 849 378 912 communis
406 867 520 910 necnon
544 857 663 910 mutuae
687 845 887 930 fidejussionis
911 843 948 908 ad
972 842 1124 908 creditoris
1149 844 1229 906 utili-

213 976 301 1028 tatem
336 965 471 1050 respicit,
507 961 643 1050 idemque
676 959 804 1025 creditor
832 983 869 1025 ex
897 959 990 1024 libero
1020 981 1075 1024 suo
1104 956 1226 1022 arbitrio

214 1078 331 1156 decidit,
357 1090 423 1143 utra
447 1099 484 1142 ex
508 1075 689 1164 obligatione
712 1097 780 1140 reos
803 1079 833 1140 in
858 1076 985 1141 solidum
1007 1087 1059 1139 aut
1073 1097 1129 1161 pro
1145 1053 1229 1162 parte

208 1197 370 1260 convenire
394 1195 473 1270 velit,
498 1197 601 1258 merito
627 1215 692 1256 cum
713 1183 946 1278 Vangerovio²⁸l
970 1212 1121 1279 negamus,
1148 1188 1230 1254 duri-

214 1313 283 1374 tiem
313 1308 503 1396 obligationis
533 1309 671 1374 correalis
702 1330 755 1394 per
778 1319 910 1371 mutuam
933 1307 1153 1393 fidejussionem
1177 1305 1230 1370 ad-

210 1425 319 1508 jectam
354 1424 476 1497 molliri,
511 1446 576 1488 curn
611 1434 815 1509 argumentum
844 1421 992 1508 Savignii,
1030 1443 1150 1486 correos
1178 1422 1229 1485 tali

215 1541 351 1624 pactione
376 1538 531 1618 declarare,
556 1559 586 1601 se
606 1539 755 1611 strictiori,
780 1556 868 1621 quarn
884 1556 944 1621 quo
961 1536 1085 1612 soleant,
1110 1538 1228 1602 vinculo

216 1654 293 1717 inter
316 1675 346 1716 se
371 1654 546 1739 conjunctos
570 1673 632 1716 esse
656 1650 738 1725 velle,
764 1652 844 1714 omni
868 1649 1058 1716 fundamento
1083 1665 1188 1716 careat.

282 1769 442 1834 Naturam
457 1768 671 1858 fideybssa'ona'a
693 1776 818 1830 mutuae
841 1767 1017 1853 explicaturi
1040 1770 1167 1854 primum
1185 1767 1231 1832 di-

216 1888 319 1962 cimus,
344 1896 465 1948 mutuos
488 1882 678 1969 fidejussores
701 1882 892 1968 fidejussores
912 1895 1025 1948 tontum
1043 1905 1115 1960 esse,
1140 1887 1181 1947 ita
1197 1896 1230 1949 ut

215 2003 271 2066 bac
297 2004 362 2088 ipsa
383 1999 467 2064 verbi
490 2002 613 2064 notione
636 1999 708 2062 aliae
732 2002 973 2063 intercessionum
998 2002 1124 2087 species,
1155 2021 1230 2086 quas

215 2117 397 2205 Vangerow,
421 2115 603 2192 Bnrcbardi,
628 2116 736 2203 aliique
759 2118 789 2179 in
812 2127 908 2180 mente
931 2114 1110 2192 babuerunt,
1136 2118 1230 2180 omui·

126 2307 129 2313 ,
216 2232 305 2297 modo
337 2231 542 2296 excludantur.
582 2231 694 2296 Deinde
724 2230 883 2317 fidejussor
910 2230 947 2295 ad
972 2229 1133 2318 quamlibet
1155 2229 1232 2295 obli·

215 2351 364 2436 gationem
387 2346 521 2412 adhiberi
540 2360 648 2434 potest,
673 2369 768 2434 neque
785 2350 914 2433 accipere
930 2349 1073 2435 cogimur,
1098 2359 1229 2412 mutuam

215 2463 435 2551 fidejussionem
466 2477 578 2530 certum
601 2463 816 2552 obligationum
839 2464 1044 2551 principalium
1068 2485 1162 2550 genus
1185 2485 1231 2527 re·

217 2583 343 2667 quirere.
380 2580 488 2646 Mutua
511 2583 586 2645 enim
610 2580 763 2667 fidejussio
779 2581 846 2646 talis
862 2579 1015 2666 fidejussio
1031 2592 1085 2656 est,
1109 2592 1144 2644 ut
1158 2580 1232 2644 alter

216 2718 272 2782 pro
304 2697 395 2760 altero
425 2695 586 2782 fidejubeat
613 2696 644 2760 b.
661 2719 687 2760 c.
711 2709 814 2761 mutua
843 2695 995 2782 fidejussio
1023 2695 1061 2760 ad
1078 2717 1232 2782 pascuas

212 2811 451 2900 fidejubennum
478 2815 607 2899 respicit.
649 2809 738 2892 Quod
767 2815 793 2875 si
816 2814 884 2897 quis
907 2823 1042 2898 negaret,
1073 2811 1231 2875 concedere

219 2945 286 2988 eum
310 2937 477 3010 oporteret,
502 2926 553 2989 Tm
576 2929 690 3012 ipsum,
720 2929 772 3012 qui
801 2924 939 2989 creditori
963 2948 1001 2989 ex
1022 2938 1127 2988 mutuo
1150 2925 1181 2989 X
1203 2938 1232 2991 et

219 3061 258 3103 cx
280 3038 386 3104 delicto
401 3039 432 3103 X
448 3038 562 3116 debeat,
587 3043 709 3104 invicem
733 3062 767 3103 ea
790 3038 889 3104 debita
909 3039 965 3104 lide
982 3060 1115 3106 suaesae
1125 3039 1232 3126 jubere

219 3177 319 3242 posse.
357 3153 533 3244 Necprnagis
557 3155 623 3221 ideo
647 3168 758 3220 eertum
783 3154 973 3244 obligationis
995 3177 1089 3242 genus
1112 3159 1142 3219 in
1161 3156 1234 3221 lide-

214 3272 352 3358 jussione
374 3284 476 3336 mutua
496 3275 668 3360 requiritur,
693 3276 762 3361 quia
777 3271 929 3358 fidejussio
946 3283 1049 3338 mutua
1064 3275 1231 3338 societatem

220 3390 297 3452 inter
327 3391 392 3475 ipsa
421 3388 536 3466 debita,
567 3411 642 3477 quae
666 3411 703 3453 ex
727 3389 908 3477 obligatione
931 3389 1086 3476 principali
1109 3402 1139 3454 et
1160 3389 1233 3453 fide·

215 3503 352 3590 jussione
375 3527 430 3591 pro
454 3504 546 3570 altero
570 3506 708 3569 inchoata
723 3509 753 3569 in
770 3518 928 3591 utrumque
943 3505 1152 3591 fidejussorum
1169 3528 1234 3569 rnu-

220 3633 340 3684 tuorum
369 3622 474 3686 collata
496 3633 580 3697 sunt,
612 3625 641 3684 in
666 3621 765 3684 eadem
790 3643 917 3706 persona
940 3621 1118 3686 introducat.
1157 3620 1232 3684 Nam

221 3736 373 3823 fidejussio
398 3737 540 3824 obligatio
564 3740 726 3802 accessoria
749 3750 803 3815 cst,
827 3758 922 3825 neque
943 3740 974 3802 in
990 3735 1231 3825 obligationibus,

276 3980 310 4052 ²⁸)
335 3982 474 4056 Vangerow
491 3980 507 4036 l.
520 3980 537 4036 l.
555 4000 579 4054 p.
591 3981 634 4039 92.
