2952 4556
635 257 796 399 a

208 481 340 549 Africani
356 484 389 548 L.
404 481 441 547 21
458 480 475 566 ἕ
489 481 509 550 6
522 481 557 546 de
573 480 800 567 fidejussoribus
813 482 846 545 L.
863 479 900 545 17
915 478 932 564 ᾖ
946 481 966 546 2
978 475 1015 544 ad
1029 479 1087 545 SC.
1105 479 1217 565 Vellej.,

207 599 317 664 «luliani
331 599 363 664 L.
377 598 419 664 82
432 596 450 680 ἓ
463 597 482 663 5
499 598 535 662 de
546 598 603 686 leg.
615 589 676 677 1¹³),
696 597 810 683 Ulpiani
823 597 855 662 l..
870 595 909 662 51
926 595 975 680 §d
988 595 1024 662 de
1040 590 1219 674 wiotico-¹⁴),

208 715 293 780 Pauli
307 717 341 784 L.
359 713 400 780 35
418 712 435 797 ἕ
452 711 473 779 6
489 713 579 778 dem.
597 736 621 777 c.
638 713 739 778 donat.
757 712 979 800 conjungendae
995 724 1075 776 sunt.
1107 711 1219 776 Deinde

208 854 268 919 quo
299 833 368 917 jure
397 829 551 894 Dedelrind
580 828 755 916 Savignium
789 831 1004 916 vituperaverit
1036 827 1072 892 de
1106 831 1220 891 actione

208 947 379 1023 dividenda,
405 949 521 1033 assequi
545 969 605 1010 non
629 967 762 1032 possum,
788 967 853 1009 euru
878 947 1041 1008 »actionem
1070 942 1220 1006 dividere«

206 1067 367 1151 generatim
398 1085 433 1126 eo
464 1074 599 1126 constare
630 1060 779 1136 videatur,
811 1061 894 1148 quod
922 1060 1050 1125 creditor
1075 1061 1219 1123 actionem

206 1183 237 1242 in
260 1179 388 1244 solidum
412 1191 624 1265 competentem
648 1181 678 1242 in
703 1181 833 1242 actiones
856 1161 914 1263 pro¹
935 1189 1018 1262 parte
1035 1175 1168 1250 dissecet,
1192 1186 1221 1240 et

206 1298 341 1380 exceptio
366 1295 424 1358 litis
448 1287 625 1375 dividuae¹⁵)
650 1297 720 1357 satis
745 1292 884 1356 idoneum
908 1291 1117 1356 documentum
1136 1312 1222 1378 prae·

207 1408 291 1485 licat,
318 1411 395 1494 juris
418 1409 546 1472 Romani
569 1408 738 1472 conditores
763 1411 849 1472 etiarn
873 1421 935 1472 tum
960 1411 1103 1471 actionem
1127 1406 1219 1470 dividi

208 1525 406 1598 existimasse,
430 1522 483 1587 ubi
508 1522 636 1586 creditor
659 1525 802 1587 actionem
825 1521 967 1586 adversus
991 1521 1115 1586 eundem
1138 1545 1220 1586 rcum

208 1650 421 1724 competentem
436 1641 466 1701 in
484 1641 613 1702 actiones
629 1660 685 1724 pro
701 1648 785 1725 parte
811 1636 975 1702 resolverit.
994 1675 1028 1684 -
1045 1636 1219 1702 Nullatenus

207 1766 304 1818 autem
327 1754 390 1818 fieri
413 1757 527 1839 potuit,
552 1767 587 1818 ut
609 1754 790 1839 Papinianus
814 1755 987 1816 sententiam
1011 1751 1105 1828 illam,
1130 1774 1218 1840 quam

206 1869 361 1934 Dedettnd
396 1892 411 1934 e
440 1869 538 1934 verbis
568 1869 596 1933 d.
619 1871 652 1934 L.
679 1867 715 1933 ll
741 1890 785 1956 pr.
815 1868 940 1944 evolvit,
980 1867 1134 1954 professus
1170 1873 1218 1934 sit.

205 1985 328 2050 Etiamsi
364 1989 439 2050 enim
477 1985 604 2050 creditor
631 1986 731 2072 plures
762 1986 891 2048 actiones
921 1983 1064 2048 adversus
1094 1964 1219 2048 eundem

205 2123 287 2166 reum
322 2101 424 2166 eodem
453 2115 586 2189 tempore
604 2104 767 2184 instituere
796 2113 911 2186 potest,
941 2113 1038 2164 tamen
1066 2123 1127 2165 non
1155 2123 1220 2166 aaa

205 2221 292 2294 actio,
316 2218 368 2282 sed
386 2218 496 2304 places
518 2221 648 2282 actiones
664 2219 838 2304 conjunctae
852 2209 1100 2299 instituuntur¹⁶),
1124 2239 1220 2304 neque

206 2355 277 2421 ergo
302 2333 448 2398 condictio
474 2355 512 2397 ex
535 2347 639 2398 mutuo
663 2355 718 2420 pro
743 2345 827 2420 parte
851 2345 970 2419 accepto
995 2346 1024 2396 et
1040 2332 1217 2398 condictioe

204 2463 308 2514 mutua
330 2449 519 2535 fidejussione
542 2472 660 2514 reorum
686 2463 752 2514 orta
774 2453 804 2513 in
828 2471 898 2514 casu
913 2452 1071 2536 proposito
1087 2453 1129 2514 ita
1149 2472 1220 2515 con·

200 2566 286 2653 jungi
303 2579 476 2652 potuerunt,
501 2579 534 2630 ut
550 2589 609 2630 nna
625 2569 701 2630 actio
725 2579 794 2630 nata
817 2570 856 2630 sit
879 2569 910 2629 in
934 2566 1071 2630 solidum.
1108 2565 1219 2648 Quam-

204 2684 249 2744 vis
284 2685 360 2745 enim
395 2681 523 2745 creditor
553 2704 654 2746 omnes
682 2695 782 2767 partes
809 2684 902 2746 totius
936 2685 1092 2768 pecuniae,
1130 2705 1218 2770 quam

204 2796 340 2883 pluribus
369 2819 425 2883 pro
453 2810 551 2883 parte,
582 2795 634 2860 sed
664 2796 766 2872 simul,
798 2809 931 2860 mutuam
962 2797 1056 2873 dedit,
1087 2799 1125 2863 ab
1156 2821 1216 2863 uno

205 2909 338 2975 debitore
362 2914 479 2998 exigere
495 2925 606 2996 posset,
630 2923 728 2975 tamen
745 2932 836 2996 quum
852 2912 962 2996 regula,
988 2912 1070 2998 quod
1086 2915 1218 3001 singulae

206 3023 402 3111 obligationes
426 3026 558 3112 singulae
582 3027 712 3090 actiones
737 3019 952 3111 sequuntur¹⁷),
981 3039 1043 3091 tum
1068 3033 1219 3116 exceptio·

259 3181 292 3245 ¹³)
317 3181 364 3236 cfr.
383 3182 412 3236 L.
427 3179 460 3233 13
479 3199 515 3251 pr.
536 3180 564 3234 de
582 3180 627 3252 leg.
642 3181 671 3234 ll.

259 3279 291 3347 ²⁴)
315 3279 363 3334 etr.
383 3279 530 3350 Ribbentrop
549 3298 572 3350 p.
586 3278 647 3334 200.

259 3379 292 3447 ¹⁶)
314 3377 349 3433 V.
368 3379 397 3432 de
416 3375 507 3431 Xeller:
531 3377 578 3430 Der
596 3378 669 3431 Rem.
689 3377 739 3432 civ.
753 3379 822 3432 Proc.
841 3396 866 3434 u.
886 3380 909 3434 d.
929 3381 1055 3436 Aetionen.
1075 3381 1099 3436 2.
1114 3384 1193 3457 Ausg.

203 3476 284 3546 Leipz.
300 3475 376 3530 1855.
396 3494 419 3546 p.
436 3474 493 3528 132.

258 3573 290 3641 l⁶)
314 3572 404 3628 Planclr
428 3573 442 3643 ξ
455 3573 480 3626 9.
495 3571 535 3628 13.
573 3573 766 3640 Zimmermann,
789 3575 863 3628 Arch.
877 3575 894 3628 i.
909 3577 969 3630 civil.
983 3577 1011 3632 P.
1034 3579 1081 3634 Bd.
1096 3579 1216 3636 XXXIV.

203 3690 227 3743 p.
240 3671 290 3725 221
306 3690 360 3743 sqq.

258 3769 290 3836 17)
314 3769 386 3833 Quod
405 3777 429 3822 et
446 3770 498 3840 ipsc
516 3769 662 3839 Papinianus
681 3769 772 3823 verbis:
791 3772 896 3841 »poterit
908 3771 1011 3826 eundem
1024 3781 1052 3826 ut
1064 3773 1217 3844 principalem

203 3883 280 3931 reum,
299 3869 356 3919 item
376 3869 417 3937 qui
429 3865 559 3936 fidejussor
571 3884 615 3936 pro
629 3864 703 3920 altero
716 3868 816 3934 exstitit,
834 3870 859 3922 in
875 3877 953 3939 partes
965 3871 1108 3924 conventre·
1121 3871 1215 3927 indicat.

204 3991 238 4003 -
256 3962 306 4019 cte.
324 3963 464 4038 Hugolinus
482 3962 498 4018 l.
510 3962 526 4018 l.
545 3981 569 4036 p.
583 3962 635 4018 357
653 3966 678 4018 in
696 3963 739 4018 lin.
