2936 4554
662 291 822 392 „Q-

237 473 333 541 sactus
348 475 396 551 ait,
412 472 502 562 idque
517 476 547 539 in
559 471 674 560 judicio
690 473 870 559 apparuerit,
887 473 913 538 is
928 472 1060 559 locuples
1072 496 1133 538 non
1148 477 1252 541 existi·

237 589 363 656 ruaudus
386 592 434 667 sit,
458 588 511 654 sed
533 591 621 654 ceteri
643 610 699 674 pro
724 608 759 652 co
784 587 899 652 solvere
915 587 1050 654 debeant.
1088 590 1252 677 Imperator

238 708 315 770 enim
339 709 394 770 ait:
425 707 502 769 »aar
524 703 554 768 sl
573 702 668 770 τοῦτο
691 700 794 780 οὕτως
816 699 891 783 ἔχον
913 706 1042 789 φανείη,
1064 703 1095 770 el
1114 709 1174 789 μιν
1196 701 1251 772 scl-

237 818 348 904 πόριος
377 816 506 901 ἔχουσα
492 820 566 886 «.h
584 841 609 886 c.
641 831 750 907 »arque
779 822 805 884 si
832 841 881 885 res
910 822 952 885 ita
974 841 1005 884 se
1028 819 1137 886 habore
1159 843 1252 907 appa·

237 940 340 1015 ruerit,
367 939 414 1011 sin
436 939 528 1024 igitur
549 933 694 1001 solvendo
716 936 802 1012 atate
832 938 874 1000 ita
895 947 931 1002 ιιι
951 947 1024 1050 post
1043 934 1251 1023 probationem

237 1051 343 1118 iactam
366 1051 466 1116 idonei
489 1072 553 1116 esso
574 1062 793 1138 proponantur,
817 1049 888 1116 dum
911 1054 1102 1138 porrarias·
1088 1053 1164 1116 »aar
1184 1051 1252 1116 arai-

238 1188 348 1254 ροντις
374 1160 522 1246 τύχοιενι
509 1167 588 1230 h«.
611 1187 636 1231 c.
674 1178 724 1232 ιιι
751 1167 777 1230 si
805 1164 882 1232 sorte
909 1179 1079 1255 praesentes
1107 1166 1242 1246 luerint«

237 1286 280 1349 ita
307 1294 343 1348 ιιι
369 1282 416 1347 his
438 1281 538 1347 verbis
566 1280 605 1346 ad
630 1293 747 1370 tempus
770 1293 838 1348 ente
860 1283 1082 1369 inquisitionem
1105 1282 1141 1348 de
1164 1285 1251 1371 copia

238 1397 373 1464 solvendi
395 1395 525 1465 habitam
547 1395 657 1476 redcat,
682 1396 721 1462 ad
742 1410 860 1486 tempus
883 1401 1046 1475 citationis,
1071 1398 1110 1464 ad
1132 1411 1249 1488 tempus

236 1513 533 1582 litiscontcatationis.

306 1628 402 1713 Quam
429 1628 468 1695 ad
495 1628 688 1696 differentiam
716 1650 779 1694 vox
806 1629 901 1704 τέως
927 1631 1012 1712 μὲν,
1040 1630 1126 1716 cujus
1155 1629 1250 1717 expli-

238 1749 383 1813 cationem
406 1738 535 1833 supra¹⁷l
559 1745 743 1823 distulimus,
766 1743 934 1810 reducenda
955 1758 1010 1811 est.
1047 1743 1151 1833 Neque
1173 1747 1250 1811 onim

237 1865 369 1940 interest,
393 1873 494 1926 utrum
517 1863 611 1926 correi
633 1861 749 1949 reliqui,
773 1863 835 1948 qui,
859 1883 925 1928 cum
948 1863 1025 1927 ectio
1048 1864 1184 1928 instituta
1200 1861 1248 1938 sit,

237 1989 357 2067 praesto
391 1975 515 2054 luerint,
549 1990 621 2064 post
648 1977 728 2042 litem
755 1977 924 2043 inchoatam
953 1975 1055 2044 abesse
1089 1978 1248 2064 coeperint,

237 2116 338 2172 necne,
362 2095 441 2182 quic,
466 2091 627 2158 dummodo
646 2091 791 2159 solvendo
807 2097 876 2170 sint,
900 2113 954 2182 per
973 2091 1181 2160 eremodicium
1197 2090 1251 2156 ad·

238 2231 343 2276 versus
366 2231 418 2276 eos
440 2207 562 2297 procedi
584 2201 735 2297 potest¹³).
775 2207 829 2275 Sin
844 2231 916 2276 vero
938 2207 1067 2276 creditor
1081 2219 1250 2296 praesentes

228 2347 340 2418 ,omues
363 2337 416 2428 aut
438 2346 505 2402 eos,
534 2327 586 2412 qui
608 2324 753 2390 solvendo
775 2324 902 2402 luerint,
926 2327 1110 2402 convenerit,
1134 2325 1250 2390 interim

237 2455 353 2558 muturp
369 2417 435 2506 cum
458 2439 620 2527 reliquis⁸
640 2452 781 2528 expertus
797 2461 861 2506 esso
877 2439 1036 2518 videbitur,
1052 2442 1077 2504 ai
1093 2437 1249 2525 injudicio

238 2531 419 2646 apparuerit,
442 2574 536 2620 unum
551 2554 648 2620 solum
663 2577 701 2622 ex
716 2557 752 2620 iis
768 2555 912 2622 solvendo
928 2577 1002 2633 esse,
1025 2559 1111 2643 isque
1131 2576 1194 2620 eam
1210 2552 1249 2620 ob

237 2695 299 2740 retu
322 2670 462 2738 creditori
485 2671 567 2739 solus
592 2669 803 2738 condemnatus
828 2669 917 2738 luerit
938 2670 978 2737 ad
999 2670 1185 2738 solvendum.

305 2787 356 2856 Sic
383 2788 564 2856 antecedenti
587 2789 789 2876 disputatione
812 2787 1023 2876 probavimus,
1049 2787 1141 2854 verba
1163 2787 1251 2852 citata

238 2904 291 2991 §1
317 2918 346 2972 et
374 2907 511 2994 principii
539 2905 685 2992 coayaopr'
711 2913 852 2992 oportere
874 2915 963 2992 atque
987 2905 1132 2990 corepiscopi
1147 2924 1249 2990 pocae.

237 3022 414 3111 Priusquam
438 3033 537 3087 autern
560 3020 599 3086 ad
621 3020 825 3084 conclusiones
849 3042 888 3086 ex
904 3022 941 3086 iis
956 3016 1088 3105 periodis
1103 3015 1250 3084 iaciendas

237 3136 480 3226 transgredimur,
505 3135 608 3202 afferre
630 3135 725 3212 liccat,
748 3157 847 3201 veram
869 3138 946 3201 inter
961 3133 1056 3200 edicta
1071 3135 1208 3223 principii
1222 3144 1252 3198 et

238 3250 257 3338 ἓ
275 3250 291 3318 1
318 3251 510 3318 differentiam
532 3253 608 3318 hanc
631 3273 704 3329 csse,
729 3251 812 3339 quod
833 3254 863 3316 in
887 3248 906 3334 ἓ
924 3248 940 3316 1
959 3253 1058 3316 omnia
1072 3248 1111 3314 ad
1126 3270 1252 3316 caesam

239 3369 438 3434 cotomuaitcr
460 3368 656 3435 mactandam
677 3370 854 3454 pertincant,
882 3365 951 3431 dum
975 3369 1006 3431 in
1029 3368 1176 3454 principio
1198 3387 1252 3430 ex·

237 3485 372 3573 plicetur,
397 3505 473 3570 quae
491 3485 562 3570 jura
584 3487 614 3548 in
635 3484 764 3570 mapalis
781 3483 901 3548 amicos
909 3481 1055 3568 partibor
1070 3490 1251 3568 coeperam.

237 3599 338 3666 iudex
359 3602 436 3665 enim
460 3621 561 3665 omnes
578 3602 610 3665 in
623 3599 769 3686 judicium
784 3619 900 3675 vocare,
925 3619 1043 3664 causam
1059 3599 1254 3664 communiter

237 3715 268 3789 h.
285 3737 310 3780 e.
335 3715 418 3804 quod
445 3713 484 3780 ad
507 3737 608 3781 omnes
632 3718 774 3803 pertinet,
803 3716 987 3790 examinare,
1018 3715 1253 3799 sententiamque

238 3853 421 3899 communem
444 3830 519 3896 ierrc
543 3828 640 3907 debet,
664 3851 740 3918 quaa
762 3828 800 3895 ad
824 3851 925 3895 omncs
948 3831 1096 3917 respiciat.

291 3986 326 4055 a)
348 3986 381 4042 v.
400 3984 512 4058 saon.
542 4015 576 4026 -
604 3986 637 4056 ιι)
660 3983 753 4042 rusa
770 3983 817 4040 ιι
835 3982 925 4056 5185.
