2952 4556
613 320 772 444 *e—

252 517 435 606 Dunellus¹⁴l
457 525 678 612 inscriptionem
692 521 833 590 Novellae
856 524 921 590 »Dc
944 499 1209 611 mutuis'filejusf'

186 634 325 705 sortbus·
348 638 477 706 reddidit
499 653 528 705 et
550 653 612 705 tum
631 643 747 729 pergit:
772 636 1010 706 »ld'autem'cst
1026 639 1061 706 de
1077 619 1209 705 duobus

184 749 374 844 pluribusve,
405 758 457 844 qui
480 759 542 822 vice
570 769 684 821 mutua·
702 759 779 821 inter
808 775 839 821 se
868 755 1058 844 fidejussores
1088 739 1198 844 accepti

186 883 266 936 sunt.
306 870 395 955 Quod
417 871 587 937 Haloander
615 884 692 937 recte
723 872 887 960 intelligens
910 875 1014 950 vertit,
1044 892 1105 936 non
1128 849 1214 936 sim-‘¹

184 985 314 1074 pliciter:
344 987 407 1052 »De
436 987 556 1053 duobus
584 991 662 1053 reis·
694 1027 729 1036 -
761 987 813 1053 sed
840 987 1008 1075 periphrasi
1034 990 1199 1076 exprimere

185 1102 303 1180 volens,
334 1103 417 1191 quod
445 1118 508 1170 erat
530 1107 562 1169 in
586 1102 693 1169 verbo:
724 1102 789 1168 »lle
812 1101 932 1168 duobus
954 1105 1029 1181 reis,
1061 1105 1113 1191 qui
1136 1107 1198 1168 vice

185 1231 288 1283 mutua
309 1217 500 1307 fidejussores
523 1221 633 1308 accepti
655 1233 772 1285 sunta·
812 1219 891 1284 Idem
914 1221 1029 1284 auctori
1053 1217 1198 1307 Vulgatae

186 1329 259 1414 (·Si
282 1337 349 1422 quis
379 1336 491 1401 alterna
517 1334 708 1423 fidejussione
737 1334 886 1423 obligatos
915 1347 1013 1400 sumat
1042 1332 1198 1422 aliquos»)

184 1447 345 1535 probatum
366 1448 456 1516 luisse
471 1450 614 1515 Donellus
637 1463 733 1537 putat,
758 1453 871 1515 etiarnsi
887 1462 972 1515 vetus
991 1451 1038 1516 ille
1054 1453 1198 1538 interpres

185 1561 218 1627 id
239 1585 302 1628 non
324 1577 494 1631 constanter
515 1568 653 1630 tenuerit.

253 1679 336 1764 Quae
359 1684 383 1745 si
406 1680 625 1769 perpendimus,
650 1681 808 1745 clarissime
831 1681 934 1756 elucet,
958 1679 1115 1745 Dunellum
1136 1676 1199 1745 ott-

185 1792 311 1880 ληλεγγ.
326 1793 446 1862 basod.
470 1820 535 1862 cum
558 1795 730 1862 Haloandro
754 1819 810 1884 pro
830 1798 892 1861 vice
915 1807 1019 1861 mutua
1040 1795 1199 1883 fidejusso-

184 1909 268 1976 ribus
291 1910 441 1990 hahuisse,
464 1935 567 1978 verum
590 1936 652 1978 non
670 1913 859 1988 intellexisse,
883 1911 1007 1976 cundem
1024 1915 1198 1999 scriptorem

184 2031 320 2093 versione
348 2031 550 2117 inscriptionis
580 2051 640 2094 non
668 2040 784 2094 tantum
807 2045 909 2093 vocem
937 2027 1015 2092 illam
1043 2031 1198 2116 ancipitem

185 2143 372 2232 »periphrasi
387 2147 580 2232 exprimere«,
600 2144 652 2210 scd
664 2148 855 2233 praecipuum
871 2147 1094 2210 constitutionis
1110 2166 1199 2233 argu-

184 2271 314 2323 mentum
344 2273 410 2325 ante
439 2261 543 2326 oculos
572 2283 682 2349 ponere
705 2262 851 2339 voluisse,
882 2265 924 2327 ita
946 2273 981 2326 ut
1003 2282 1123 2326 romeos
1147 2259 1200 2325 de·

183 2373 273 2442 bendi
295 2388 412 2463 praeter
435 2375 646 2465 obligationem
668 2377 857 2465 principalem
875 2377 1086 2466 obligationem
1101 2398 1198 2441 acces·

185 2493 294 2555 soriam
322 2493 354 2555 in
382 2514 413 2558 se
441 2495 607 2580 suscepisse
637 2492 807 2559 declararet.
858 2491 953 2581 Cujus
982 2496 1025 2558 rei
1053 2514 1197 2558 memores

184 2609 256 2671 satis
284 2607 582 2696 comprehendemus,
612 2608 685 2694 quid
713 2608 770 2674 sihi
798 2609 941 2675 Donellus
968 2609 1098 2675 voluerit
1126 2611 1199 2674 scri·

183 2719 300 2788 hendo:

296 2839 463 2928 rhoquitur
497 2862 567 2929 ergo
603 2842 776 2905 constitutio
807 2889 815 2905 .
841 2889 848 2904 .
878 2839 914 2905 de
949 2838 1069 2905 duobus
1103 2840 1198 2928 pluri·

293 2950 427 3038 husre¹⁵)
450 2955 677 3042 fidejussoribus
701 2967 805 3021 mutuo
829 2957 906 3020 inter
929 2977 960 3020 se
980 2958 1121 3042 acceptis:
1145 2966 1197 3020 aut

295 3075 320 3136 si
349 3093 417 3136 reos
446 3071 592 3160 appellare
621 3069 719 3148 lubet,
753 3070 788 3136 de
817 3072 875 3136 reis
905 3069 1039 3158 quidem,
1070 3069 1122 3136 sed
1145 3072 1197 3158 qui

295 3201 395 3276 aperte
422 3190 464 3252 ita
492 3190 602 3274 accepti
626 3189 700 3265 sint,
731 3199 766 3252 nt
788 3190 851 3252 viee
874 3198 977 3251 mutua
1000 3187 1048 3251 alii
1071 3187 1196 3251 aliorum

296 3316 395 3368 essent
415 3304 631 3391 fidejussores«

251 3418 333 3503 Quae
359 3443 419 3485 vox
449 3419 507 3486 »de
535 3421 593 3485 reis
623 3420 761 3508 quidem«
791 3442 852 3486 non
882 3424 922 3486 ita
950 3433 996 3486 cst
1024 3418 1196 3508 excipienda

182 3537 268 3621 quasi
291 3513 440 3602 bonellus*
458 3535 662 3602 Haloandrum
685 3537 843 3625 sequatur,
873 3536 925 3604 sed
940 3535 1064 3602 verbum
1087 3557 1195 3602 »reuss

181 3659 393 3670 ...ι-

236 3720 268 3789 ¹⁴)
292 3718 387 3774 Donclli
406 3720 500 3776 Comm.
514 3717 618 3775 absolut.
637 3719 666 3773 ad
685 3719 715 3786 ll,
733 3718 766 3774 lll
784 3718 834 3774 rell.
852 3718 927 3774 libros
946 3719 1005 3775 cod.
1017 3721 1109 3776 dnstin.
1131 3717 1196 3773 Frcl'.

187 3816 263 3873 1599.
282 3817 339 3891 Cap.
352 3817 419 3874 Xlll.
436 3835 473 3873 nr.
486 3817 502 3872 3
515 3835 568 3890 sqq.

235 3916 268 3985 ²⁵)
293 3916 349 3973 Scil.
372 3917 482 3989 personis
511 3925 635 3988 tamquam
663 3923 717 3971 cett.
736 3914 780 3970 clr.
802 3923 852 3970 not.
872 3915 904 3970 14
927 3915 973 3971 nde
995 3914 1092 3970 duobus
1119 3911 1197 3986 pluri-

181 4013 267 4082 busve,
286 4016 330 4088 qui
348 4024 414 4071 cett·

980 4109 999 4166 2
