<?xml version="1.0" encoding="UTF-8"?>
<!DOCTYPE html PUBLIC "-//W3C//DTD XHTML 1.0 Transitional//EN"
    "http://www.w3.org/TR/xhtml1/DTD/xhtml1-transitional.dtd">
<html xmlns="http://www.w3.org/1999/xhtml" xml:lang="en" lang="en">
 <head>
  <title>
</title>
<meta http-equiv="Content-Type" content="text/html;charset=utf-8" />
  <meta name='ocr-system' content='tesseract 3.04.00' />
  <meta name='ocr-capabilities' content='ocr_page ocr_carea ocr_par ocr_line ocrx_word'/>
</head>
<body>
  <div class='ocr_page' id='page_1' title='image "./novellajustinia00wiedgoog/novellajustinia00wiedgoog_0112.png"; bbox 0 0 2936 4554; ppageno 0'>
   <div class='ocr_carea' id='block_1_1' title="bbox 699 287 858 388">
    <p class='ocr_par' dir='ltr' id='par_1_1' title="bbox 699 287 858 388">
     <span class='ocr_line' id='line_1_1' title="bbox 699 287 858 388; baseline -0.006 -32"><span class='ocrx_word' id='word_1_1' title='bbox 699 287 858 388; x_wconf 38' lang='grc' dir='ltr'><strong>,ξε-</strong></span> 
     </span>
    </p>
   </div>
   <div class='ocr_carea' id='block_1_2' title="bbox 268 441 1283 3581">
    <p class='ocr_par' dir='ltr' id='par_1_2' title="bbox 268 441 1283 1228">
     <span class='ocr_line' id='line_1_2' title="bbox 268 441 1283 556; baseline -0.001 -22"><span class='ocrx_word' id='word_1_2' title='bbox 268 460 425 551; x_wconf 85' lang='lat' dir='ltr'><strong>tannero¹)</strong></span> <span class='ocrx_word' id='word_1_3' title='bbox 449 466 585 534; x_wconf 76' lang='lat' dir='ltr'>collectae</span> <span class='ocrx_word' id='word_1_4' title='bbox 608 465 830 555; x_wconf 80' lang='lat' dir='ltr'><strong>descriptosque</strong></span> <span class='ocrx_word' id='word_1_5' title='bbox 857 479 943 547; x_wconf 87' lang='lat' dir='ltr'><strong>sunt,</strong></span> <span class='ocrx_word' id='word_1_6' title='bbox 973 441 1283 556; x_wconf 62' lang='lat' dir='ltr'><strong>matemam‚dlspum·</strong></span> 
     </span>
     <span class='ocr_line' id='line_1_3' title="bbox 268 580 1283 672; baseline 0 -24"><span class='ocrx_word' id='word_1_7' title='bbox 268 585 360 649; x_wconf 85' lang='lat' dir='ltr'><strong>tionis</strong></span> <span class='ocrx_word' id='word_1_8' title='bbox 382 584 589 671; x_wconf 79' lang='lat' dir='ltr'><strong>amplissimam</strong></span> <span class='ocrx_word' id='word_1_9' title='bbox 613 581 759 669; x_wconf 84' lang='lat' dir='ltr'><strong>praebuit.</strong></span> <span class='ocrx_word' id='word_1_10' title='bbox 782 580 878 648; x_wconf 88' lang='lat' dir='ltr'><strong>Nobis</strong></span> <span class='ocrx_word' id='word_1_11' title='bbox 893 595 991 650; x_wconf 87' lang='lat' dir='ltr'><strong>autem</strong></span> <span class='ocrx_word' id='word_1_12' title='bbox 1007 582 1283 672; x_wconf 79' lang='lat' dir='ltr'><strong>descriptioniGir-</strong></span> 
     </span>
     <span class='ocr_line' id='line_1_4' title="bbox 268 690 1282 792; baseline -0.001 -27"><span class='ocrx_word' id='word_1_13' title='bbox 268 701 384 765; x_wconf 87' lang='lat' dir='ltr'><strong>tanneri</strong></span> <span class='ocrx_word' id='word_1_14' title='bbox 404 699 547 764; x_wconf 90' lang='lat' dir='ltr'><strong>nonnulla</strong></span> <span class='ocrx_word' id='word_1_15' title='bbox 565 698 700 764; x_wconf 82' lang='lat' dir='ltr'><strong>addendo</strong></span> <span class='ocrx_word' id='word_1_16' title='bbox 722 701 786 764; x_wconf 79' lang='lat' dir='ltr'><strong>risa</strong></span> <span class='ocrx_word' id='word_1_17' title='bbox 809 712 888 778; x_wconf 91' lang='lat' dir='ltr'><strong>sunt,</strong></span> <span class='ocrx_word' id='word_1_18' title='bbox 913 721 989 788; x_wconf 90' lang='lat' dir='ltr'><strong>quae</strong></span> <span class='ocrx_word' id='word_1_19' title='bbox 1010 704 1117 792; x_wconf 89' lang='lat' dir='ltr'><strong>partim</strong></span> <span class='ocrx_word' id='word_1_20' title='bbox 1141 690 1181 765; x_wconf 86' lang='lat' dir='ltr'><strong>a‘d</strong></span> <span class='ocrx_word' id='word_1_21' title='bbox 1202 703 1282 788; x_wconf 81' lang='lat' dir='ltr'><strong>ipses</strong></span> 
     </span>
     <span class='ocr_line' id='line_1_5' title="bbox 269 807 1281 905; baseline 0 -25"><span class='ocrx_word' id='word_1_22' title='bbox 269 819 429 881; x_wconf 80' lang='lat' dir='ltr'><strong>sententias</strong></span> <span class='ocrx_word' id='word_1_23' title='bbox 450 807 670 904; x_wconf 78' lang='lat' dir='ltr'><strong>percipiendos,</strong></span> <span class='ocrx_word' id='word_1_24' title='bbox 700 818 808 903; x_wconf 90' lang='lat' dir='ltr'><strong>partim</strong></span> <span class='ocrx_word' id='word_1_25' title='bbox 831 814 869 880; x_wconf 92' lang='lat' dir='ltr'><strong>ad</strong></span> <span class='ocrx_word' id='word_1_26' title='bbox 891 819 1038 896; x_wconf 84' lang='lat' dir='ltr'><strong>rationes,</strong></span> <span class='ocrx_word' id='word_1_27' title='bbox 1067 838 1143 905; x_wconf 86' lang='lat' dir='ltr'><strong>quae</strong></span> <span class='ocrx_word' id='word_1_28' title='bbox 1165 838 1221 904; x_wconf 91' lang='lat' dir='ltr'><strong>pro</strong></span> <span class='ocrx_word' id='word_1_29' title='bbox 1245 819 1281 880; x_wconf 92' lang='lat' dir='ltr'><strong>iis</strong></span> 
     </span>
     <span class='ocr_line' id='line_1_6' title="bbox 270 931 1283 1022; baseline 0.001 -26"><span class='ocrx_word' id='word_1_30' title='bbox 270 931 438 1009; x_wconf 80' lang='lat' dir='ltr'><strong>afferantur,</strong></span> <span class='ocrx_word' id='word_1_31' title='bbox 455 931 665 1018; x_wconf 56' lang='lat' dir='ltr'><strong>‘dijudicandas</strong></span> <span class='ocrx_word' id='word_1_32' title='bbox 687 931 853 1018; x_wconf 85' lang='lat' dir='ltr'><strong>proficiant,</strong></span> <span class='ocrx_word' id='word_1_33' title='bbox 878 954 944 998; x_wconf 89' lang='lat' dir='ltr'><strong>eum</strong></span> <span class='ocrx_word' id='word_1_34' title='bbox 964 933 1110 1022; x_wconf 84' lang='lat' dir='ltr'><strong>permulta</strong></span> <span class='ocrx_word' id='word_1_35' title='bbox 1126 931 1163 998; x_wconf 88' lang='lat' dir='ltr'><strong>ab</strong></span> <span class='ocrx_word' id='word_1_36' title='bbox 1179 945 1283 998; x_wconf 86' lang='lat' dir='ltr'><strong>aueto-</strong></span> 
     </span>
     <span class='ocr_line' id='line_1_7' title="bbox 269 1046 1283 1136; baseline 0.002 -24"><span class='ocrx_word' id='word_1_37' title='bbox 269 1046 353 1112; x_wconf 89' lang='lat' dir='ltr'><strong>ribus</strong></span> <span class='ocrx_word' id='word_1_38' title='bbox 368 1067 461 1128; x_wconf 24' lang='lat' dir='ltr'><strong>‘mere</strong></span> <span class='ocrx_word' id='word_1_39' title='bbox 487 1050 608 1113; x_wconf 89' lang='lat' dir='ltr'><strong>inventa</strong></span> <span class='ocrx_word' id='word_1_40' title='bbox 636 1050 711 1128; x_wconf 89' lang='lat' dir='ltr'><strong>sint,</strong></span> <span class='ocrx_word' id='word_1_41' title='bbox 747 1047 857 1136; x_wconf 86' lang='lat' dir='ltr'><strong>quibus</strong></span> <span class='ocrx_word' id='word_1_42' title='bbox 887 1053 1047 1116; x_wconf 85' lang='lat' dir='ltr'><strong>sententias</strong></span> <span class='ocrx_word' id='word_1_43' title='bbox 1076 1071 1146 1116; x_wconf 84' lang='lat' dir='ltr'><strong>suas</strong></span> <span class='ocrx_word' id='word_1_44' title='bbox 1175 1049 1283 1115; x_wconf 85' lang='lat' dir='ltr'><strong>confir·</strong></span> 
     </span>
     <span class='ocr_line' id='line_1_8' title="bbox 269 1175 393 1228; baseline 0 0"><span class='ocrx_word' id='word_1_45' title='bbox 269 1175 393 1228; x_wconf 89' lang='lat' dir='ltr'><strong>mareut.</strong></span> 
     </span>
    </p>

    <p class='ocr_par' dir='ltr' id='par_1_3' title="bbox 269 1273 1283 3581">
     <span class='ocr_line' id='line_1_9' title="bbox 335 1273 1280 1369; baseline 0.003 -24"><span class='ocrx_word' id='word_1_46' title='bbox 335 1279 401 1345; x_wconf 88' lang='lat' dir='ltr'><strong>Jam</strong></span> <span class='ocrx_word' id='word_1_47' title='bbox 415 1273 575 1362; x_wconf 83' lang='lat' dir='ltr'><strong>Irnerius¹)</strong></span> <span class='ocrx_word' id='word_1_48' title='bbox 598 1280 689 1367; x_wconf 89' lang='lat' dir='ltr'><strong>hujus</strong></span> <span class='ocrx_word' id='word_1_49' title='bbox 704 1283 888 1369; x_wconf 79' lang='lat' dir='ltr'><strong>quaestionis</strong></span> <span class='ocrx_word' id='word_1_50' title='bbox 909 1295 1014 1350; x_wconf 86' lang='lat' dir='ltr'><strong>auctor</strong></span> <span class='ocrx_word' id='word_1_51' title='bbox 1029 1281 1121 1350; x_wconf 85' lang='lat' dir='ltr'><strong>luisse</strong></span> <span class='ocrx_word' id='word_1_52' title='bbox 1143 1281 1280 1362; x_wconf 80' lang='lat' dir='ltr'><strong>traditur,</strong></span> 
     </span>
     <span class='ocr_line' id='line_1_10' title="bbox 270 1396 1280 1486; baseline 0.002 -25"><span class='ocrx_word' id='word_1_53' title='bbox 270 1409 300 1461; x_wconf 92' lang='lat' dir='ltr'><strong>et</strong></span> <span class='ocrx_word' id='word_1_54' title='bbox 314 1396 381 1461; x_wconf 91' lang='lat' dir='ltr'><strong>licet</strong></span> <span class='ocrx_word' id='word_1_55' title='bbox 395 1397 476 1462; x_wconf 90' lang='lat' dir='ltr'><strong>huuc</strong></span> <span class='ocrx_word' id='word_1_56' title='bbox 489 1400 630 1462; x_wconf 90' lang='lat' dir='ltr'><strong>nuncium</strong></span> <span class='ocrx_word' id='word_1_57' title='bbox 646 1401 738 1486; x_wconf 83' lang='lat' dir='ltr'><strong>magis</strong></span> <span class='ocrx_word' id='word_1_58' title='bbox 751 1419 789 1463; x_wconf 84' lang='lat' dir='ltr'><strong>ex</strong></span> <span class='ocrx_word' id='word_1_59' title='bbox 801 1399 994 1466; x_wconf 81' lang='lat' dir='ltr'><strong>collocatione</strong></span> <span class='ocrx_word' id='word_1_60' title='bbox 1005 1399 1099 1466; x_wconf 89' lang='lat' dir='ltr'><strong>Auth.</strong></span> <span class='ocrx_word' id='word_1_61' title='bbox 1115 1397 1181 1465; x_wconf 86' lang='lat' dir='ltr'><strong>Hoc</strong></span> <span class='ocrx_word' id='word_1_62' title='bbox 1192 1401 1232 1465; x_wconf 90' lang='lat' dir='ltr'><strong>ita</strong></span> <span class='ocrx_word' id='word_1_63' title='bbox 1246 1397 1280 1465; x_wconf 84' lang='lat' dir='ltr'><strong>C.</strong></span> 
     </span>
     <span class='ocr_line' id='line_1_11' title="bbox 271 1515 1281 1603; baseline 0.003 -26"><span class='ocrx_word' id='word_1_64' title='bbox 271 1515 319 1578; x_wconf 91' lang='lat' dir='ltr'><strong>eit.</strong></span> <span class='ocrx_word' id='word_1_65' title='bbox 331 1525 543 1602; x_wconf 79' lang='lat' dir='ltr'><strong>praesumtum,</strong></span> <span class='ocrx_word' id='word_1_66' title='bbox 560 1535 648 1601; x_wconf 87' lang='lat' dir='ltr'><strong>quam</strong></span> <span class='ocrx_word' id='word_1_67' title='bbox 664 1537 680 1580; x_wconf 91' lang='lat' dir='ltr'><strong>e</strong></span> <span class='ocrx_word' id='word_1_68' title='bbox 695 1518 781 1580; x_wconf 90' lang='lat' dir='ltr'><strong>certis</strong></span> <span class='ocrx_word' id='word_1_69' title='bbox 797 1517 893 1603; x_wconf 88' lang='lat' dir='ltr'><strong>ipsius</strong></span> <span class='ocrx_word' id='word_1_70' title='bbox 906 1518 1036 1582; x_wconf 88' lang='lat' dir='ltr'><strong>auctoris</strong></span> <span class='ocrx_word' id='word_1_71' title='bbox 1048 1515 1147 1582; x_wconf 87' lang='lat' dir='ltr'><strong>verbis</strong></span> <span class='ocrx_word' id='word_1_72' title='bbox 1157 1517 1281 1582; x_wconf 88' lang='lat' dir='ltr'><strong>relatum</strong></span> 
     </span>
     <span class='ocr_line' id='line_1_12' title="bbox 271 1629 1283 1720; baseline 0.002 -26"><span class='ocrx_word' id='word_1_73' title='bbox 271 1629 433 1708; x_wconf 87' lang='lat' dir='ltr'><strong>credamus,</strong></span> <span class='ocrx_word' id='word_1_74' title='bbox 457 1642 554 1696; x_wconf 86' lang='lat' dir='ltr'><strong>tamen</strong></span> <span class='ocrx_word' id='word_1_75' title='bbox 576 1632 619 1696; x_wconf 91' lang='lat' dir='ltr'><strong>sic</strong></span> <span class='ocrx_word' id='word_1_76' title='bbox 634 1652 754 1719; x_wconf 93' lang='lat' dir='ltr'><strong>quoque</strong></span> <span class='ocrx_word' id='word_1_77' title='bbox 770 1630 880 1697; x_wconf 82' lang='lat' dir='ltr'><strong>iontem</strong></span> <span class='ocrx_word' id='word_1_78' title='bbox 903 1635 1140 1720; x_wconf 84' lang='lat' dir='ltr'><strong>principiumque</strong></span> <span class='ocrx_word' id='word_1_79' title='bbox 1162 1643 1283 1698; x_wconf 88' lang='lat' dir='ltr'><strong>contro·</strong></span> 
     </span>
     <span class='ocr_line' id='line_1_13' title="bbox 271 1747 1281 1837; baseline 0 -25"><span class='ocrx_word' id='word_1_80' title='bbox 271 1749 383 1812; x_wconf 87' lang='lat' dir='ltr'><strong>versiae</strong></span> <span class='ocrx_word' id='word_1_81' title='bbox 402 1750 617 1836; x_wconf 80' lang='lat' dir='ltr'><strong>cognoscimus,</strong></span> <span class='ocrx_word' id='word_1_82' title='bbox 636 1750 688 1835; x_wconf 92' lang='lat' dir='ltr'><strong>qui</strong></span> <span class='ocrx_word' id='word_1_83' title='bbox 704 1769 742 1812; x_wconf 88' lang='lat' dir='ltr'><strong>ex</strong></span> <span class='ocrx_word' id='word_1_84' title='bbox 757 1751 822 1835; x_wconf 89' lang='lat' dir='ltr'><strong>ipsa</strong></span> <span class='ocrx_word' id='word_1_85' title='bbox 837 1761 940 1814; x_wconf 88' lang='lat' dir='ltr'><strong>nostra</strong></span> <span class='ocrx_word' id='word_1_86' title='bbox 954 1747 1079 1814; x_wconf 89' lang='lat' dir='ltr'><strong>Novella</strong></span> <span class='ocrx_word' id='word_1_87' title='bbox 1094 1749 1281 1837; x_wconf 81' lang='lat' dir='ltr'><strong>profluxerit.</strong></span> 
     </span>
     <span class='ocr_line' id='line_1_14' title="bbox 271 1861 1282 1953; baseline 0.002 -26"><span class='ocrx_word' id='word_1_88' title='bbox 271 1861 407 1946; x_wconf 81' lang='lat' dir='ltr'><strong>Quocum</strong></span> <span class='ocrx_word' id='word_1_89' title='bbox 429 1867 578 1942; x_wconf 85' lang='lat' dir='ltr'><strong>convenit,</strong></span> <span class='ocrx_word' id='word_1_90' title='bbox 603 1863 687 1951; x_wconf 90' lang='lat' dir='ltr'><strong>quod</strong></span> <span class='ocrx_word' id='word_1_91' title='bbox 708 1863 866 1942; x_wconf 88' lang='lat' dir='ltr'><strong>Martinus,</strong></span> <span class='ocrx_word' id='word_1_92' title='bbox 894 1867 947 1953; x_wconf 92' lang='lat' dir='ltr'><strong>qui</strong></span> <span class='ocrx_word' id='word_1_93' title='bbox 970 1868 1085 1953; x_wconf 89' lang='lat' dir='ltr'><strong>etipse</strong></span> <span class='ocrx_word' id='word_1_94' title='bbox 1107 1867 1282 1931; x_wconf 85' lang='lat' dir='ltr'><strong>seutentiam</strong></span> 
     </span>
     <span class='ocr_line' id='line_1_15' title="bbox 270 1978 1283 2069; baseline 0.002 -24"><span class='ocrx_word' id='word_1_95' title='bbox 270 1999 390 2046; x_wconf 90' lang='lat' dir='ltr'><strong>correos</strong></span> <span class='ocrx_word' id='word_1_96' title='bbox 405 1981 469 2044; x_wconf 86' lang='lat' dir='ltr'><strong>viee</strong></span> <span class='ocrx_word' id='word_1_97' title='bbox 489 1992 592 2046; x_wconf 87' lang='lat' dir='ltr'><strong>mutua</strong></span> <span class='ocrx_word' id='word_1_98' title='bbox 605 1978 766 2067; x_wconf 85' lang='lat' dir='ltr'><strong>fidejubere</strong></span> <span class='ocrx_word' id='word_1_99' title='bbox 781 1978 964 2059; x_wconf 82' lang='lat' dir='ltr'><strong>defendebat,</strong></span> <span class='ocrx_word' id='word_1_100' title='bbox 987 1984 1130 2069; x_wconf 90' lang='lat' dir='ltr'><strong>imprimis</strong></span> <span class='ocrx_word' id='word_1_101' title='bbox 1145 1981 1283 2047; x_wconf 89' lang='lat' dir='ltr'><strong>Antheu-</strong></span> 
     </span>
     <span class='ocr_line' id='line_1_16' title="bbox 271 2089 1282 2186; baseline 0.003 -27"><span class='ocrx_word' id='word_1_102' title='bbox 271 2097 345 2160; x_wconf 88' lang='lat' dir='ltr'><strong>ticae</strong></span> <span class='ocrx_word' id='word_1_103' title='bbox 367 2089 571 2180; x_wconf 79' lang='lat' dir='ltr'><strong>auetoritatc³)</strong></span> <span class='ocrx_word' id='word_1_104' title='bbox 594 2098 708 2175; x_wconf 90' lang='lat' dir='ltr'><strong>nititur,</strong></span> <span class='ocrx_word' id='word_1_105' title='bbox 733 2099 846 2162; x_wconf 89' lang='lat' dir='ltr'><strong>etiamsi</strong></span> <span class='ocrx_word' id='word_1_106' title='bbox 860 2110 1013 2186; x_wconf 86' lang='lat' dir='ltr'><strong>praeterea</strong></span> <span class='ocrx_word' id='word_1_107' title='bbox 1027 2098 1064 2163; x_wconf 86' lang='lat' dir='ltr'><strong>ud</strong></span> <span class='ocrx_word' id='word_1_108' title='bbox 1080 2098 1114 2165; x_wconf 90' lang='lat' dir='ltr'><strong>L.</strong></span> <span class='ocrx_word' id='word_1_109' title='bbox 1124 2095 1175 2164; x_wconf 97' lang='grc'><strong>11.</strong></span> <span class='ocrx_word' id='word_1_110' title='bbox 1191 2097 1228 2162; x_wconf 86' lang='lat' dir='ltr'><strong>l).</strong></span> <span class='ocrx_word' id='word_1_111' title='bbox 1246 2097 1282 2162; x_wconf 91' lang='lat' dir='ltr'><strong>de</strong></span> 
     </span>
     <span class='ocr_line' id='line_1_17' title="bbox 271 2201 1280 2298; baseline 0.001 -22"><span class='ocrx_word' id='word_1_112' title='bbox 271 2210 363 2276; x_wconf 87' lang='lat' dir='ltr'><strong>duob.</strong></span> <span class='ocrx_word' id='word_1_113' title='bbox 386 2215 453 2279; x_wconf 87' lang='lat' dir='ltr'><strong>reis.</strong></span> <span class='ocrx_word' id='word_1_114' title='bbox 481 2213 516 2278; x_wconf 88' lang='lat' dir='ltr'><strong>L.</strong></span> <span class='ocrx_word' id='word_1_115' title='bbox 533 2211 564 2280; x_wconf 82' lang='grc'><strong>7.</strong></span> <span class='ocrx_word' id='word_1_116' title='bbox 587 2210 605 2297; x_wconf 68' lang='grc' dir='ltr'><strong>ἕ</strong></span> <span class='ocrx_word' id='word_1_117' title='bbox 624 2210 640 2279; x_wconf 99' lang='grc'><strong>1</strong></span> <span class='ocrx_word' id='word_1_118' title='bbox 663 2211 702 2278; x_wconf 89' lang='lat' dir='ltr'><strong>ad</strong></span> <span class='ocrx_word' id='word_1_119' title='bbox 722 2211 781 2279; x_wconf 86' lang='lat' dir='ltr'><strong>SC.</strong></span> <span class='ocrx_word' id='word_1_120' title='bbox 802 2213 916 2280; x_wconf 86' lang='lat' dir='ltr'><strong>Maced.</strong></span> <span class='ocrx_word' id='word_1_121' title='bbox 940 2213 974 2280; x_wconf 90' lang='lat' dir='ltr'><strong>L.</strong></span> <span class='ocrx_word' id='word_1_122' title='bbox 995 2211 1045 2279; x_wconf 82' lang='lat'><strong>17.</strong></span> <span class='ocrx_word' id='word_1_123' title='bbox 1073 2211 1092 2298; x_wconf 65' lang='grc' dir='ltr'><strong>ἓ</strong></span> <span class='ocrx_word' id='word_1_124' title='bbox 1110 2213 1131 2279; x_wconf 88' lang='grc'>2</span> <span class='ocrx_word' id='word_1_125' title='bbox 1159 2214 1197 2279; x_wconf 89' lang='lat' dir='ltr'><strong>ad</strong></span> <span class='ocrx_word' id='word_1_126' title='bbox 1220 2201 1280 2280; x_wconf 80' lang='lat' dir='ltr'><strong>SC.</strong></span> 
     </span>
     <span class='ocr_line' id='line_1_18' title="bbox 270 2321 1281 2418; baseline 0.003 -27"><span class='ocrx_word' id='word_1_127' title='bbox 270 2325 374 2413; x_wconf 87' lang='lat' dir='ltr'><strong>Vellej.</strong></span> <span class='ocrx_word' id='word_1_128' title='bbox 391 2349 422 2393; x_wconf 90' lang='lat' dir='ltr'><strong>se</strong></span> <span class='ocrx_word' id='word_1_129' title='bbox 437 2321 576 2412; x_wconf 87' lang='lat' dir='ltr'><strong>retulit⁴).</strong></span> <span class='ocrx_word' id='word_1_130' title='bbox 600 2329 730 2395; x_wconf 81' lang='lat' dir='ltr'><strong>loannes</strong></span> <span class='ocrx_word' id='word_1_131' title='bbox 745 2324 938 2413; x_wconf 71' lang='lat' dir='ltr'><strong>Bassianus⁶l</strong></span> <span class='ocrx_word' id='word_1_132' title='bbox 958 2343 1070 2408; x_wconf 87' lang='lat' dir='ltr'><strong>contra,</strong></span> <span class='ocrx_word' id='word_1_133' title='bbox 1094 2333 1146 2418; x_wconf 91' lang='lat' dir='ltr'><strong>qui</strong></span> <span class='ocrx_word' id='word_1_134' title='bbox 1168 2332 1281 2418; x_wconf 92' lang='lat' dir='ltr'><strong>primus</strong></span> 
     </span>
     <span class='ocr_line' id='line_1_19' title="bbox 271 2440 1283 2534; baseline 0.005 -29"><span class='ocrx_word' id='word_1_135' title='bbox 271 2463 334 2506; x_wconf 89' lang='lat' dir='ltr'><strong>eam</strong></span> <span class='ocrx_word' id='word_1_136' title='bbox 351 2440 541 2529; x_wconf 82' lang='lat' dir='ltr'><strong>obligationis</strong></span> <span class='ocrx_word' id='word_1_137' title='bbox 564 2445 701 2510; x_wconf 88' lang='lat' dir='ltr'><strong>correalis</strong></span> <span class='ocrx_word' id='word_1_138' title='bbox 724 2444 852 2510; x_wconf 87' lang='lat' dir='ltr'><strong>indolem</strong></span> <span class='ocrx_word' id='word_1_139' title='bbox 874 2449 1000 2512; x_wconf 84' lang='lat' dir='ltr'><strong>existere</strong></span> <span class='ocrx_word' id='word_1_140' title='bbox 1015 2449 1144 2534; x_wconf 81' lang='lat' dir='ltr'><strong>negavit,</strong></span> <span class='ocrx_word' id='word_1_141' title='bbox 1160 2446 1193 2510; x_wconf 93' lang='lat' dir='ltr'><strong>id</strong></span> <span class='ocrx_word' id='word_1_142' title='bbox 1210 2468 1283 2534; x_wconf 89' lang='lat' dir='ltr'><strong>pro·</strong></span> 
     </span>
     <span class='ocr_line' id='line_1_20' title="bbox 270 2556 1280 2649; baseline 0.004 -27"><span class='ocrx_word' id='word_1_143' title='bbox 270 2556 342 2622; x_wconf 87' lang='lat' dir='ltr'><strong>bare</strong></span> <span class='ocrx_word' id='word_1_144' title='bbox 357 2558 474 2623; x_wconf 88' lang='lat' dir='ltr'><strong>studuit</strong></span> <span class='ocrx_word' id='word_1_145' title='bbox 487 2558 522 2625; x_wconf 93' lang='lat' dir='ltr'><strong>L.</strong></span> <span class='ocrx_word' id='word_1_146' title='bbox 535 2557 580 2625; x_wconf 79' lang='lat'><strong>34</strong></span> <span class='ocrx_word' id='word_1_147' title='bbox 595 2559 631 2625; x_wconf 91' lang='lat' dir='ltr'><strong>de</strong></span> <span class='ocrx_word' id='word_1_148' title='bbox 646 2564 780 2648; x_wconf 85' lang='lat' dir='ltr'><strong>receptis,</strong></span> <span class='ocrx_word' id='word_1_149' title='bbox 793 2565 844 2649; x_wconf 93' lang='lat' dir='ltr'><strong>qui</strong></span> <span class='ocrx_word' id='word_1_150' title='bbox 861 2560 962 2627; x_wconf 87' lang='lat' dir='ltr'><strong>arbitr.</strong></span> <span class='ocrx_word' id='word_1_151' title='bbox 980 2563 1015 2628; x_wconf 91' lang='lat' dir='ltr'><strong>L.</strong></span> <span class='ocrx_word' id='word_1_152' title='bbox 1033 2560 1073 2629; x_wconf 85' lang='grc'><strong>71</strong></span> <span class='ocrx_word' id='word_1_153' title='bbox 1092 2561 1127 2628; x_wconf 89' lang='lat' dir='ltr'><strong>de</strong></span> <span class='ocrx_word' id='word_1_154' title='bbox 1148 2561 1280 2648; x_wconf 88' lang='lat' dir='ltr'><strong>fidejuss.</strong></span> 
     </span>
     <span class='ocr_line' id='line_1_21' title="bbox 270 2670 1280 2766; baseline 0.001 -26"><span class='ocrx_word' id='word_1_155' title='bbox 270 2673 305 2740; x_wconf 87' lang='lat' dir='ltr'><strong>L.</strong></span> <span class='ocrx_word' id='word_1_156' title='bbox 319 2671 349 2740; x_wconf 89' lang='grc'><strong>3.</strong></span> <span class='ocrx_word' id='word_1_157' title='bbox 366 2670 392 2757; x_wconf 80' lang='lat'><strong>§-</strong></span> <span class='ocrx_word' id='word_1_158' title='bbox 406 2673 436 2739; x_wconf 88' lang='grc'><strong>2.</strong></span> <span class='ocrx_word' id='word_1_159' title='bbox 452 2673 482 2742; x_wconf 85' lang='grc'><strong>3.</strong></span> <span class='ocrx_word' id='word_1_160' title='bbox 505 2675 539 2742; x_wconf 89' lang='grc' dir='ltr'><strong>Ι..</strong></span> <span class='ocrx_word' id='word_1_161' title='bbox 552 2674 584 2741; x_wconf 90' lang='grc'><strong>5.</strong></span> <span class='ocrx_word' id='word_1_162' title='bbox 600 2673 619 2760; x_wconf 65' lang='grc' dir='ltr'><strong>ἓ</strong></span> <span class='ocrx_word' id='word_1_163' title='bbox 633 2673 648 2741; x_wconf 91' lang='grc'><strong>1</strong></span> <span class='ocrx_word' id='word_1_164' title='bbox 667 2676 704 2740; x_wconf 88' lang='lat' dir='ltr'><strong>de</strong></span> <span class='ocrx_word' id='word_1_165' title='bbox 718 2676 832 2743; x_wconf 87' lang='lat' dir='ltr'><strong>liberat.</strong></span> <span class='ocrx_word' id='word_1_166' title='bbox 848 2677 946 2766; x_wconf 83' lang='lat' dir='ltr'><strong>legata</strong></span> <span class='ocrx_word' id='word_1_167' title='bbox 961 2679 994 2744; x_wconf 92' lang='lat' dir='ltr'><strong>L.</strong></span> <span class='ocrx_word' id='word_1_168' title='bbox 1005 2675 1055 2744; x_wconf 88' lang='lat'><strong>12.</strong></span> <span class='ocrx_word' id='word_1_169' title='bbox 1072 2675 1090 2762; x_wconf 66' lang='grc' dir='ltr'><strong>ἓ</strong></span> <span class='ocrx_word' id='word_1_170' title='bbox 1106 2675 1120 2742; x_wconf 92' lang='grc'><strong>1</strong></span> <span class='ocrx_word' id='word_1_171' title='bbox 1135 2676 1172 2743; x_wconf 89' lang='lat' dir='ltr'><strong>de</strong></span> <span class='ocrx_word' id='word_1_172' title='bbox 1188 2675 1280 2742; x_wconf 87' lang='lat' dir='ltr'><strong>duob.</strong></span> 
     </span>
     <span class='ocr_line' id='line_1_22' title="bbox 269 2790 1281 2881; baseline -0.001 -23"><span class='ocrx_word' id='word_1_173' title='bbox 269 2793 338 2858; x_wconf 88' lang='lat' dir='ltr'><strong>reis.</strong></span> <span class='ocrx_word' id='word_1_174' title='bbox 361 2794 396 2859; x_wconf 88' lang='lat' dir='ltr'><strong>L.</strong></span> <span class='ocrx_word' id='word_1_175' title='bbox 413 2790 433 2859; x_wconf 88' lang='grc'>5</span> <span class='ocrx_word' id='word_1_176' title='bbox 451 2792 486 2858; x_wconf 90' lang='lat' dir='ltr'><strong>de</strong></span> <span class='ocrx_word' id='word_1_177' title='bbox 502 2805 682 2881; x_wconf 87' lang='lat' dir='ltr'><strong>compensat.</strong></span> <span class='ocrx_word' id='word_1_178' title='bbox 705 2790 724 2877; x_wconf 65' lang='grc' dir='ltr'><strong>ἓ</strong></span> <span class='ocrx_word' id='word_1_179' title='bbox 740 2790 760 2859; x_wconf 88' lang='grc'>5</span> <span class='ocrx_word' id='word_1_180' title='bbox 775 2793 803 2858; x_wconf 81' lang='lat' dir='ltr'><strong>J.</strong></span> <span class='ocrx_word' id='word_1_181' title='bbox 821 2793 856 2860; x_wconf 91' lang='lat' dir='ltr'><strong>de</strong></span> <span class='ocrx_word' id='word_1_182' title='bbox 871 2794 1004 2880; x_wconf 86' lang='lat' dir='ltr'><strong>fidejuss.</strong></span> <span class='ocrx_word' id='word_1_183' title='bbox 1027 2795 1062 2860; x_wconf 88' lang='lat' dir='ltr'><strong>L.</strong></span> <span class='ocrx_word' id='word_1_184' title='bbox 1082 2791 1110 2860; x_wconf 94' lang='grc'><strong>1.</strong></span> <span class='ocrx_word' id='word_1_185' title='bbox 1128 2792 1158 2858; x_wconf 91' lang='grc'><strong>2.</strong></span> <span class='ocrx_word' id='word_1_186' title='bbox 1178 2790 1219 2859; x_wconf 89' lang='grc'><strong>10</strong></span> <span class='ocrx_word' id='word_1_187' title='bbox 1233 2813 1281 2881; x_wconf 91' lang='lat' dir='ltr'><strong>pr.</strong></span> 
     </span>
     <span class='ocr_line' id='line_1_23' title="bbox 270 2904 1278 2998; baseline -0.003 -23"><span class='ocrx_word' id='word_1_188' title='bbox 270 2906 289 2993; x_wconf 66' lang='grc' dir='ltr'><strong>ἕ</strong></span> <span class='ocrx_word' id='word_1_189' title='bbox 303 2907 353 2975; x_wconf 88' lang='grc'><strong>10.</strong></span> <span class='ocrx_word' id='word_1_190' title='bbox 368 2910 404 2975; x_wconf 87' lang='lat' dir='ltr'><strong>L.</strong></span> <span class='ocrx_word' id='word_1_191' title='bbox 417 2907 458 2975; x_wconf 84' lang='grc'><strong>14</strong></span> <span class='ocrx_word' id='word_1_192' title='bbox 474 2909 509 2976; x_wconf 88' lang='lat' dir='ltr'><strong>de</strong></span> <span class='ocrx_word' id='word_1_193' title='bbox 525 2913 555 2975; x_wconf 93' lang='lat' dir='ltr'><strong>in</strong></span> <span class='ocrx_word' id='word_1_194' title='bbox 570 2933 632 2978; x_wconf 90' lang='lat' dir='ltr'><strong>rem</strong></span> <span class='ocrx_word' id='word_1_195' title='bbox 646 2932 733 2975; x_wconf 87' lang='lat' dir='ltr'><strong>verso</strong></span> <span class='ocrx_word' id='word_1_196' title='bbox 748 2911 783 2976; x_wconf 91' lang='lat' dir='ltr'><strong>L.</strong></span> <span class='ocrx_word' id='word_1_197' title='bbox 796 2909 846 2976; x_wconf 91' lang='grc'><strong>12.</strong></span> <span class='ocrx_word' id='word_1_198' title='bbox 865 2908 899 2976; x_wconf 86' lang='lat' dir='ltr'><strong>C.</strong></span> <span class='ocrx_word' id='word_1_199' title='bbox 917 2913 942 2975; x_wconf 91' lang='lat' dir='ltr'><strong>si</strong></span> <span class='ocrx_word' id='word_1_200' title='bbox 958 2923 1027 2976; x_wconf 91' lang='lat' dir='ltr'><strong>cert.</strong></span> <span class='ocrx_word' id='word_1_201' title='bbox 1043 2921 1105 2998; x_wconf 90' lang='lat' dir='ltr'><strong>pet.</strong></span> <span class='ocrx_word' id='word_1_202' title='bbox 1120 2904 1248 2991; x_wconf 60' lang='grc' dir='ltr'><strong>[ως</strong></span> <span class='ocrx_word' id='word_1_203' title='bbox 1263 2905 1278 2972; x_wconf 91' lang='grc'><strong>1</strong></span> 
     </span>
     <span class='ocr_line' id='line_1_24' title="bbox 269 3026 1282 3113; baseline -0.004 -21"><span class='ocrx_word' id='word_1_204' title='bbox 269 3026 410 3092; x_wconf 87' lang='lat' dir='ltr'><strong>mandati.</strong></span> <span class='ocrx_word' id='word_1_205' title='bbox 439 3027 526 3092; x_wconf 92' lang='lat' dir='ltr'><strong>Initio</strong></span> <span class='ocrx_word' id='word_1_206' title='bbox 542 3039 639 3094; x_wconf 89' lang='lat' dir='ltr'><strong>autem</strong></span> <span class='ocrx_word' id='word_1_207' title='bbox 663 3029 866 3092; x_wconf 82' lang='lat' dir='ltr'><strong>controversia</strong></span> <span class='ocrx_word' id='word_1_208' title='bbox 887 3039 991 3091; x_wconf 90' lang='lat' dir='ltr'><strong>nostra</strong></span> <span class='ocrx_word' id='word_1_209' title='bbox 1012 3027 1076 3112; x_wconf 77' lang='lat' dir='ltr'><strong>eJ‘us</strong></span> <span class='ocrx_word' id='word_1_210' title='bbox 1099 3026 1282 3113; x_wconf 80' lang='lat' dir='ltr'><strong>quaestionis</strong></span> 
     </span>
     <span class='ocr_line' id='line_1_25' title="bbox 270 3141 1282 3230; baseline -0.002 -23"><span class='ocrx_word' id='word_1_211' title='bbox 270 3142 476 3230; x_wconf 82' lang='lat' dir='ltr'><strong>disceptandae</strong></span> <span class='ocrx_word' id='word_1_212' title='bbox 497 3165 586 3208; x_wconf 86' lang='lat' dir='ltr'><strong>causa</strong></span> <span class='ocrx_word' id='word_1_213' title='bbox 601 3141 818 3229; x_wconf 89' lang='lat' dir='ltr'><strong>disputabatur,</strong></span> <span class='ocrx_word' id='word_1_214' title='bbox 842 3155 944 3208; x_wconf 89' lang='lat' dir='ltr'><strong>utrum</strong></span> <span class='ocrx_word' id='word_1_215' title='bbox 965 3145 1085 3220; x_wconf 88' lang='lat' dir='ltr'><strong>correis,</strong></span> <span class='ocrx_word' id='word_1_216' title='bbox 1110 3143 1163 3229; x_wconf 92' lang='lat' dir='ltr'><strong>qui</strong></span> <span class='ocrx_word' id='word_1_217' title='bbox 1183 3152 1282 3206; x_wconf 86' lang='lat' dir='ltr'><strong>totum</strong></span> 
     </span>
     <span class='ocr_line' id='line_1_26' title="bbox 270 3254 1281 3336; baseline -0.007 -11"><span class='ocrx_word' id='word_1_218' title='bbox 270 3260 461 3336; x_wconf 85' lang='lat' dir='ltr'><strong>exsolverint,</strong></span> <span class='ocrx_word' id='word_1_219' title='bbox 486 3262 560 3323; x_wconf 90' lang='lat' dir='ltr'><strong>actio</strong></span> <span class='ocrx_word' id='word_1_220' title='bbox 577 3256 707 3322; x_wconf 90' lang='lat' dir='ltr'><strong>mandati</strong></span> <span class='ocrx_word' id='word_1_221' title='bbox 729 3258 872 3324; x_wconf 86' lang='lat' dir='ltr'><strong>adversus</strong></span> <span class='ocrx_word' id='word_1_222' title='bbox 896 3272 1009 3324; x_wconf 89' lang='lat' dir='ltr'><strong>ceteros</strong></span> <span class='ocrx_word' id='word_1_223' title='bbox 1025 3254 1210 3322; x_wconf 86' lang='lat' dir='ltr'><strong>concedenda</strong></span> <span class='ocrx_word' id='word_1_224' title='bbox 1233 3257 1281 3333; x_wconf 88' lang='lat' dir='ltr'><strong>sit,</strong></span> 
     </span>
     <span class='ocr_line' id='line_1_27' title="bbox 269 3368 1283 3461; baseline -0.005 -21"><span class='ocrx_word' id='word_1_225' title='bbox 269 3397 324 3440; x_wconf 90' lang='lat' dir='ltr'><strong>nec</strong></span> <span class='ocrx_word' id='word_1_226' title='bbox 345 3397 391 3453; x_wconf 89' lang='lat' dir='ltr'><strong>ne,</strong></span> <span class='ocrx_word' id='word_1_227' title='bbox 416 3388 446 3440; x_wconf 89' lang='lat' dir='ltr'><strong>et</strong></span> <span class='ocrx_word' id='word_1_228' title='bbox 464 3375 593 3440; x_wconf 80' lang='lat' dir='ltr'><strong>loannes</strong></span> <span class='ocrx_word' id='word_1_229' title='bbox 617 3368 809 3461; x_wconf 82' lang='lat' dir='ltr'><strong>inquirens⁸),</strong></span> <span class='ocrx_word' id='word_1_230' title='bbox 833 3396 904 3441; x_wconf 90' lang='lat' dir='ltr'><strong>num</strong></span> <span class='ocrx_word' id='word_1_231' title='bbox 925 3378 1011 3440; x_wconf 87' lang='lat' dir='ltr'><strong>etiarn</strong></span> <span class='ocrx_word' id='word_1_232' title='bbox 1033 3373 1206 3438; x_wconf 87' lang='lat' dir='ltr'><strong>beneficium</strong></span> <span class='ocrx_word' id='word_1_233' title='bbox 1230 3392 1283 3436; x_wconf 82' lang='lat' dir='ltr'><strong>ex-</strong></span> 
     </span>
     <span class='ocr_line' id='line_1_28' title="bbox 270 3489 1282 3581; baseline -0.005 -25"><span class='ocrx_word' id='word_1_234' title='bbox 270 3493 417 3557; x_wconf 89' lang='lat' dir='ltr'><strong>cussionis</strong></span> <span class='ocrx_word' id='word_1_235' title='bbox 441 3493 476 3556; x_wconf 90' lang='lat' dir='ltr'><strong>iis</strong></span> <span class='ocrx_word' id='word_1_236' title='bbox 498 3490 690 3556; x_wconf 88' lang='lat' dir='ltr'><strong>tribuendum</strong></span> <span class='ocrx_word' id='word_1_237' title='bbox 712 3493 765 3570; x_wconf 90' lang='lat' dir='ltr'><strong>sit,</strong></span> <span class='ocrx_word' id='word_1_238' title='bbox 788 3491 950 3581; x_wconf 86' lang='lat' dir='ltr'><strong>respondet</strong></span> <span class='ocrx_word' id='word_1_239' title='bbox 972 3490 1100 3578; x_wconf 90' lang='lat' dir='ltr'><strong>quidem,</strong></span> <span class='ocrx_word' id='word_1_240' title='bbox 1125 3509 1203 3567; x_wconf 87' lang='lat' dir='ltr'><strong>esse,</strong></span> <span class='ocrx_word' id='word_1_241' title='bbox 1230 3489 1282 3575; x_wconf 92' lang='lat' dir='ltr'><strong>qui</strong></span> 
     </span>
    </p>
   </div>
   <div class='ocr_carea' id='block_1_3' title="bbox 322 3671 1281 4042">
    <p class='ocr_par' dir='ltr' id='par_1_4' title="bbox 323 3671 1281 3846">
     <span class='ocr_line' id='line_1_29' title="bbox 324 3671 1281 3746; baseline -0.007 -15"><span class='ocrx_word' id='word_1_242' title='bbox 324 3677 345 3745; x_wconf 89' lang='lat'><strong>¹)</strong></span> <span class='ocrx_word' id='word_1_243' title='bbox 370 3675 496 3730; x_wconf 76' lang='lat' dir='ltr'><strong>Girtanner</strong></span> <span class='ocrx_word' id='word_1_244' title='bbox 513 3693 538 3746; x_wconf 93' lang='lat' dir='ltr'><strong>p.</strong></span> <span class='ocrx_word' id='word_1_245' title='bbox 554 3675 601 3729; x_wconf 88' lang='lat' dir='ltr'><strong>l5l</strong></span> <span class='ocrx_word' id='word_1_246' title='bbox 616 3691 671 3746; x_wconf 87' lang='lat' dir='ltr'><strong>sqq.</strong></span> <span class='ocrx_word' id='word_1_247' title='bbox 691 3703 724 3714; x_wconf 86' lang='lat'><em>-</em></span> <span class='ocrx_word' id='word_1_248' title='bbox 742 3673 764 3744; x_wconf 83' lang='lat'><strong>²)</strong></span> <span class='ocrx_word' id='word_1_249' title='bbox 784 3672 821 3729; x_wconf 79' lang='lat' dir='ltr'><strong>Gi.</strong></span> <span class='ocrx_word' id='word_1_250' title='bbox 834 3675 926 3730; x_wconf 88' lang='lat' dir='ltr'><strong>Juvare</strong></span> <span class='ocrx_word' id='word_1_251' title='bbox 945 3673 974 3728; x_wconf 89' lang='lat' dir='ltr'><strong>ad</strong></span> <span class='ocrx_word' id='word_1_252' title='bbox 992 3672 1052 3727; x_wconf 71' lang='lat' dir='ltr'><strong>ut</strong></span> <span class='ocrx_word' id='word_1_253' title='bbox 1071 3674 1097 3728; x_wconf 80' lang='lat'><strong>0.</strong></span> <span class='ocrx_word' id='word_1_254' title='bbox 1111 3672 1141 3727; x_wconf 89' lang='lat' dir='ltr'><strong>de</strong></span> <span class='ocrx_word' id='word_1_255' title='bbox 1155 3671 1213 3726; x_wconf 90' lang='lat' dir='ltr'><strong>duo.</strong></span> <span class='ocrx_word' id='word_1_256' title='bbox 1226 3671 1281 3724; x_wconf 86' lang='lat' dir='ltr'><strong>reis.</strong></span> 
     </span>
     <span class='ocr_line' id='line_1_30' title="bbox 323 3757 818 3846; baseline -0.004 -18"><span class='ocrx_word' id='word_1_257' title='bbox 323 3775 345 3843; x_wconf 79' lang='lat'><strong>⁸)</strong></span> <span class='ocrx_word' id='word_1_258' title='bbox 365 3765 401 3829; x_wconf 79' lang='lat' dir='ltr'><strong>ul.</strong></span> <span class='ocrx_word' id='word_1_259' title='bbox 422 3775 448 3830; x_wconf 85' lang='lat' dir='ltr'><strong>Si</strong></span> <span class='ocrx_word' id='word_1_260' title='bbox 467 3775 522 3846; x_wconf 89' lang='lat' dir='ltr'><strong>quis</strong></span> <span class='ocrx_word' id='word_1_261' title='bbox 540 3757 630 3827; x_wconf 74' lang='lat' dir='ltr'><strong>alterna</strong></span> <span class='ocrx_word' id='word_1_262' title='bbox 648 3773 680 3826; x_wconf 88' lang='lat' dir='ltr'><strong>ad</strong></span> <span class='ocrx_word' id='word_1_263' title='bbox 697 3773 761 3828; x_wconf 81' lang='lat' dir='ltr'><strong>Nov.</strong></span> <span class='ocrx_word' id='word_1_264' title='bbox 775 3770 818 3826; x_wconf 87' lang='lat'><strong>99.</strong></span> 
     </span>
    </p>

    <p class='ocr_par' dir='ltr' id='par_1_5' title="bbox 322 3857 1152 3940">
     <span class='ocr_line' id='line_1_31' title="bbox 322 3857 1152 3940; baseline -0.005 -14"><span class='ocrx_word' id='word_1_265' title='bbox 322 3873 345 3940; x_wconf 84' lang='lat'><strong>⁴)</strong></span> <span class='ocrx_word' id='word_1_266' title='bbox 364 3870 401 3926; x_wconf 80' lang='lat' dir='ltr'><strong>ul.</strong></span> <span class='ocrx_word' id='word_1_267' title='bbox 421 3859 619 3928; x_wconf 84' lang='lat' dir='ltr'><strong>intercessionem</strong></span> <span class='ocrx_word' id='word_1_268' title='bbox 636 3869 724 3925; x_wconf 83' lang='lat' dir='ltr'><strong>iactam</strong></span> <span class='ocrx_word' id='word_1_269' title='bbox 743 3869 773 3924; x_wconf 91' lang='lat' dir='ltr'><strong>ad</strong></span> <span class='ocrx_word' id='word_1_270' title='bbox 790 3857 820 3923; x_wconf 83' lang='lat' dir='ltr'><strong>L&#39;.</strong></span> <span class='ocrx_word' id='word_1_271' title='bbox 834 3869 875 3923; x_wconf 83' lang='lat'><strong>17.</strong></span> <span class='ocrx_word' id='word_1_272' title='bbox 895 3867 939 3940; x_wconf 82' lang='lat'><strong>§2</strong></span> <span class='ocrx_word' id='word_1_273' title='bbox 957 3869 986 3922; x_wconf 85' lang='lat' dir='ltr'><strong>ad</strong></span> <span class='ocrx_word' id='word_1_274' title='bbox 1006 3867 1051 3922; x_wconf 82' lang='lat' dir='ltr'><strong>SC.</strong></span> <span class='ocrx_word' id='word_1_275' title='bbox 1064 3866 1152 3938; x_wconf 82' lang='lat' dir='ltr'><strong>Vellej.</strong></span> 
     </span>
    </p>

    <p class='ocr_par' dir='ltr' id='par_1_6' title="bbox 323 3964 1192 4042">
     <span class='ocr_line' id='line_1_32' title="bbox 323 3964 1192 4042; baseline -0.009 -17"><span class='ocrx_word' id='word_1_276' title='bbox 323 3971 345 4039; x_wconf 82' lang='lat'><strong>⁶)</strong></span> <span class='ocrx_word' id='word_1_277' title='bbox 368 3969 405 4025; x_wconf 80' lang='lat' dir='ltr'><strong>tt.</strong></span> <span class='ocrx_word' id='word_1_278' title='bbox 424 3970 476 4026; x_wconf 89' lang='lat' dir='ltr'><strong>ead.</strong></span> <span class='ocrx_word' id='word_1_279' title='bbox 504 3999 538 4013; x_wconf 85' lang='lat'><em>-</em></span> <span class='ocrx_word' id='word_1_280' title='bbox 565 3972 588 4042; x_wconf 81' lang='lat'><strong>⁸)</strong></span> <span class='ocrx_word' id='word_1_281' title='bbox 611 3969 714 4026; x_wconf 87' lang='lat' dir='ltr'><strong>Summa</strong></span> <span class='ocrx_word' id='word_1_282' title='bbox 732 3969 821 4024; x_wconf 75' lang='lat' dir='ltr'><strong>loann.</strong></span> <span class='ocrx_word' id='word_1_283' title='bbox 839 3967 855 4020; x_wconf 93' lang='lat' dir='ltr'><strong>l.</strong></span> <span class='ocrx_word' id='word_1_284' title='bbox 868 3966 884 4022; x_wconf 92' lang='lat' dir='ltr'><strong>l.</strong></span> <span class='ocrx_word' id='word_1_285' title='bbox 904 3965 963 4023; x_wconf 76' lang='lat' dir='ltr'><strong>coll.</strong></span> <span class='ocrx_word' id='word_1_286' title='bbox 976 3967 995 4020; x_wconf 91' lang='lat' dir='ltr'><strong>l.</strong></span> <span class='ocrx_word' id='word_1_287' title='bbox 1015 3965 1041 4020; x_wconf 82' lang='lat' dir='ltr'><strong>C.</strong></span> <span class='ocrx_word' id='word_1_288' title='bbox 1054 3966 1099 4021; x_wconf 91' lang='lat' dir='ltr'><strong>lv.</strong></span> <span class='ocrx_word' id='word_1_289' title='bbox 1117 3983 1154 4018; x_wconf 89' lang='lat' dir='ltr'><strong>nr.</strong></span> <span class='ocrx_word' id='word_1_290' title='bbox 1168 3964 1192 4020; x_wconf 90' lang='grc'><strong>6.</strong></span> 
     </span>
    </p>
   </div>
   <div class='ocr_carea' id='block_1_4' title="bbox 0 0 1476 4554">
    <p class='ocr_par' dir='ltr' id='par_1_7' title="bbox 0 0 1476 4554">
     <span class='ocr_line' id='line_1_33' title="bbox 0 0 1476 4554; baseline 0 0"><span class='ocrx_word' id='word_1_291' title='bbox 0 0 1476 4554; x_wconf 95' lang='lat' dir='ltr'><strong> </strong></span> 
     </span>
    </p>
   </div>
  </div>
 </body>
</html>
