2936 4554
608 327 767 430 pm„

287 522 410 598 queant,
445 509 609 596 periculum
647 513 753 597 cuique
789 510 907 575 illorum
943 513 1110 588 imminuto,
1146 523 1189 588 ut,
1273 542 1279 551 ·

287 625 370 713 quod
394 673 427 689 ..
452 623 594 690 creditum
618 637 676 702 est,
709 647 747 689 ex
775 647 836 712 quo
861 625 979 716 quidem
1004 629 1124 691 omnino
1148 627 1190 690 rei

287 739 355 805 lacti
379 744 448 818 sint,
472 740 503 805 id
525 762 581 826 pro
599 763 660 805 sua·
677 742 805 830 quisque
828 753 912 828 parte
927 753 1071 828 praestet:
1095 762 1191 828 neque

285 878 334 920 aes
358 856 485 920 alienum
508 877 662 921 commune
684 836 835 944 plicatum
859 857 946 927 alicui
963 879 1039 921 onus
1055 855 1190 922 afficitor.

286 970 327 1036 Si·
342 971 449 1059 reliqui
464 993 546 1048 vero,
571 974 633 1036 sive
652 971 777 1059 qnidam
795 994 834 1038 ex
855 975 901 1049 iis,
927 975 1043 1046 sivein
1065 983 1189 1059 partem,

285 1091 348 1154 sive
373 1085 557 1152 insolidum
581 1086 724 1152 solvendo
748 1087 810 1153 non
832 1085 998 1165 videantur,
1029 1070 1190 1151 autetiam

286 1202 421 1267 absentes
444 1205 518 1266 sint:
542 1205 573 1266 in
591 1199 668 1266 illud
684 1205 770 1266 etiam
786 1202 990 1291 unusquilibet
1005 1215 1121 1268 tenetor
1137 1199 1192 1266 ob·

285 1320 406 1393 noxius,
432 1315 515 1404 quod
538 1314 575 1380 ab
600 1315 664 1380 aliis
687 1320 777 1405 recipi
800 1339 863 1382 non
885 1321 995 1403 potuit.

172 1433 274 1500 Verba
296 1431 513 1504 antecedentia:
544 1431 616 1496 »sed
640 1432 769 1498 creditor
792 1435 907 1497 interim
938 1446 967 1497 et
996 1445 1100 1500 contra
1122 1433 1190 1496 reli·

32 1606 37 1615 .
145 1590 147 1596 ν
174 1572 252 1639 quos
275 1571 361 1638 agere
377 1547 473 1624 debet,
498 1551 524 1612 si
548 1546 667 1635 quidem
691 1548 836 1613 solvendo
853 1561 883 1614 et
904 1561 1075 1636 praesentes
1099 1559 1189 1612 sunt«

174 1669 200 1730 si
223 1666 358 1732 cumbis
382 1661 526 1740 conferas,
552 1661 676 1727 dubium
699 1685 763 1728 esse
786 1667 898 1752 nequit,
926 1667 997 1752 quin
1021 1662 1191 1728 Haloander

164 1781 381 1869 ,Imperatorem
411 1771 596 1844 conditiones
620 1781 745 1844 actionis
769 1801 786 1844 a
809 1779 952 1845 creditore
974 1802 1030 1866 pro
1053 1776 1189 1867 partibus

173 1895 308 1961 virilibus
330 1897 376 1962 vel
399 1899 429 1960 in
454 1895 583 1961 solidum
606 1895 804 1960 instituendae
827 1896 916 1960 latius
940 1895 1087 1982 explicare
1101 1907 1190 1982 putu·

172 2015 258 2078 verit.
293 2010 408 2076 Etenim
431 2033 494 2076 non
517 2023 632 2076 tanturn
654 2010 825 2076 Praesentia
842 2011 1018 2075 »videatur«
1035 2047 1072 2058 -
1088 2013 1189 2075 tsint«

176 2165 212 2180 -
230 2139 382 2215 »queant«
398 2165 434 2176 -
450 2126 648 2192 »videantur«
664 2163 700 2173 -
721 2129 830 2204 »sint«,
846 2125 898 2191 sed
910 2129 996 2192 etiam
1008 2127 1189 2191 enuntiatio:

174 2255 224 2309 »et
250 2245 280 2307 in
308 2264 369 2307 rem
399 2220 582 2330 praesentem
612 2245 762 2328 conveniri
793 2255 920 2330 queant«
945 2243 1008 2328 ejus
1030 2244 1072 2306 rei
1097 2240 1189 2305 docu-

174 2371 270 2424 menta
299 2371 384 2435 sunt,
418 2361 487 2446 quia
516 2380 602 2423 nemo
633 2361 685 2422 aiu
715 2379 777 2423 rem
806 2371 1008 2444 praesentem«
1038 2358 1188 2422 conveniri

174 2483 319 2560 »potest«,
343 2486 503 2562 postquam
523 2474 669 2560 judicium
694 2477 813 2560 accepit.

241 2589 336 2674 Quam
359 2590 598 2668 translationem,
623 2592 648 2652 si
671 2593 713 2653 ita
727 2591 758 2654 ni
774 2588 861 2654 fallor
876 2612 912 2654 eo
928 2588 1031 2666 tendit,
1055 2600 1090 2653 ut
1105 2601 1188 2653 actor

173 2717 239 2770 ante
256 2703 402 2788 judicium
418 2716 568 2790 acceptum
577 2750 587 2792 ,ἱ
607 2707 659 2789 qui
674 2725 792 2768 reorum
809 2702 955 2782 absentes,
970 2717 1187 2791 praesentesve,

173 2822 225 2907 qni
252 2817 396 2882 solvendo
426 2823 560 2882 autnon
586 2817 730 2882 solvendo
754 2821 828 2893 sint,
859 2838 947 2905 quam
970 2823 1187 2883 accuratissime

171 2945 374 3022 perscrutatus
398 2936 542 2997 actionem
566 2931 728 2997 secundum
752 2955 800 3008 ea,
825 2953 901 3019 quae
924 2935 965 2996 ita
981 2947 1122 3020 expertus
1138 2938 1186 3010 sit,

172 3063 225 3115 ant
251 3053 282 3113 in
309 3061 409 3136 partes
432 3048 531 3114 viriles
555 3061 607 3114 aut
637 3050 668 3112 in
691 3047 818 3122 solidum
842 3060 894 3112 aut
916 3051 947 3111 in
969 3049 1110 3134 majorem
1134 3051 1188 3112 nai·

171 3187 311 3230 noremve
344 3167 474 3252 partium
503 3167 697 3251 quantitatem
727 3165 880 3250 concipere
909 3162 1028 3241 debeat,
1060 3184 1186 3250 prorsus

171 3280 357 3367 rejiciendam
379 3267 442 3346 ess'e
459 3301 573 3346 censeo.
602 3279 734 3345 Primum
750 3282 826 3345 enim
843 3282 905 3366 ipse
920 3278 1083 3365 Imperator
1097 3278 1188 3343 Prae-

139 3456 141 3458 .
172 3395 306 3460 sentibus
333 3397 390 3461 illis
420 3418 482 3460 non
510 3399 613 3484 utique
642 3417 716 3461 usus
746 3406 805 3472 est,
837 3393 888 3487 sed
918 3393 1011 3458 modo
1032 3393 1186 3472 Praesens,

172 3512 262 3577 modo
289 3512 445 3578 Aoristum
476 3511 621 3576 adhibuit.
671 3510 785 3577 Deinde
815 3511 998 3596 φαίνεσθαι
1030 3534 1091 3576 non
1121 3534 1187 3577 cum

169 3625 335 3706 Infinitive,
367 3627 420 3692 sed
447 3649 513 3692 curn
535 3627 696 3714 Participio
721 3628 912 3713 conjunctum
941 3626 988 3691 bis
1016 3628 1201 3716 proposuit,‘

170 3743 211 3806 ita
235 3744 364 3808 utillud
389 3744 562 3809 »videatur«
588 3747 708 3809 omnino
732 3742 838 3807 falsum
863 3746 916 3820 sit,
947 3742 979 3806 id
1002 3742 1085 3830 qnod
1114 3764 1187 3806 mox

172 3878 394 3945 cognoscemus.
442 3859 520 3924 Tum
552 3863 577 3925 si
599 3859 762 3946 Imperator
785 3858 969 3922 conditiones
994 3859 1057 3944 jam
1083 3858 1186 3945 allatas

170 3971 285 4051 verbis,
315 3975 425 4062 quibus
455 3976 491 4040 de
519 3976 684 4062 loquimur,
719 3975 807 4039 latius
837 3977 878 4038 ita
906 3973 1094 4061 explanaret,
1124 3996 1186 4038 nou

973 4085 1003 4140 ll
