2952 4556
704 333 863 436 „ca-

275 537 291 579 c
313 513 392 580 Nor.
407 513 446 592 4,
475 537 552 604 quae
581 515 620 582 ad
642 528 759 602 apertas
781 517 1007 582 intercessiones
1028 518 1182 602 respiciat,
1214 515 1292 582 deri·

275 632 339 696 vari
363 653 463 718 posse.
575 651 579 666 ·

342 747 454 812 Vocem
477 739 550 812 a'tt.
567 743 622 812 tn.
644 729 665 814 a
682 747 868 813 Burchardio
892 769 953 812 non
977 758 1054 811 recte
1077 747 1228 835 explicari,
1252 770 1291 813 ex

275 863 326 939 iis,
356 883 432 950 quac
456 877 559 928 conua
582 863 757 952 Savignium
780 863 932 930 attulimus
961 874 991 927 et
1013 860 1090 928 inlra
1119 859 1199 946 §29
1223 885 1288 952 sqq.

275 977 489 1066 proponemus,
514 983 607 1045 satius
631 993 763 1068 apparet.

341 1093 438 1159 Porro
462 1095 643 1174 Burchardi,
669 1100 693 1161 si
716 1097 890 1161 septemium
913 1095 976 1181 ejus
1000 1096 1140 1159 attentius
1163 1098 1288 1173 excutis,

276 1211 416 1297 opinatus
446 1223 506 1288 est,
536 1211 736 1277 lastinianum
763 1212 959 1298 proposuisse
989 1221 1019 1274 et
1047 1209 1226 1276 decrevisse:
1255 1208 1289 1275 Si

275 1323 351 1412 quis'
366 1325 466 1412 plures
490 1325 639 1393 debitores
663 1318 846 1415 acceperit⁸)‚
872 1327 923 1413 qui
946 1328 1034 1390 etiam
1056 1347 1148 1390 unum
1172 1329 1202 1391 in
1219 1326 1290 1391 soli·

275 1439 346 1506 duni
377 1444 469 1508 teneri
497 1442 603 1509 debere
632 1443 808 1530 adjecerint,
838 1437 911 1505 citt
935 1433 990 1506 in.
1012 1444 1158 1530 accepisse
1186 1445 1290 1507 existi·

275 1557 401 1624 mandas
423 1571 476 1636 est,
501 1560 572 1624 dum
594 1563 774 1625 econtrario
791 1556 920 1623 creditor
934 1560 1125 1646 proponitur,
1148 1562 1200 1646 qui
1217 1553 1290 1622 citt

274 1669 339 1750 ira,
364 1677 415 1762 qui
439 1677 468 1738 in
492 1675 620 1741 solidum
645 1699 676 1741 sc
699 1676 772 1740 velle
796 1676 888 1740 teneri
911 1675 1111 1760 promiserint,
1135 1677 1288 1761 acceperit

275 1789 467 1877 quamobrem
495 1790 662 1856 Burchardi
690 1790 789 1856 verbis
819 1790 867 1854 Et
892 1787 954 1876 γάρ
983 1811 1031 1864 τις
1059 1785 1131 1854 ἀλλ.
1153 1785 1202 1854 ὑπ
1221 1787 1288 1853 κτλ.

274 1927 378 1970 revera
399 1906 629 1992 dispositionem
652 1906 818 1972 obvelatam
840 1909 936 1972 inesse
951 1903 1085 1971 credidit.
1126 1902 1216 1988 Quod
1226 1905 1289 1990 jam

274 2023 348 2108 ipsis
365 2020 462 2085 verbis
486 2035 641 2110 repugnat.
680 2023 777 2111 Magis
801 2035 899 2088 autem
915 2021 1018 2086 falsam
1033 2043 1097 2086 esse
1112 2019 1289 2085 burchardii

274 2137 547 2223 interpretationem
580 2138 774 2227 perpendenti
806 2138 862 2205 tibi
895 2137 1041 2213 elucebit,
1079 2137 1289 2224 Imperatorem

274 2253 449 2340 generaliter
472 2258 644 2322 enunciare:
674 2257 716 2320 Ei
734 2250 798 2342 γάρ
821 2277 868 2331 τις
895 2249 969 2318 ἄλλ.
991 2249 1046 2319 ὑπ.
1074 2249 1171 2336 λάβοι
1200 2250 1290 2327 τινάς

276 2379 381 2432 etium
397 2392 533 2458 pergere:
558 2371 589 2435 si
607 2373 668 2456 μὲν
681 2367 724 2457 μή
741 2372 910 2456 apocrisia,
933 2373 975 2435 ita
991 2382 1035 2447 ut,
1058 2371 1199 2457 quoniam
1215 2369 1289 2433 nihil

276 2479 475 2569 adjiciatur⁷)‚
510 2490 677 2552 enunciatio
697 2488 842 2575 generalis
864 2489 895 2551 in
923 2489 1020 2574 primo
1048 2483 1189 2551 Novellae
1217 2505 1289 2549 casu

275 2602 390 2687 integra
419 2614 568 2679 servetur,
603 2615 633 2668 et
658 2603 822 2690 Imperator
849 2623 951 2668 revera
979 2601 1118 2667 edixerit:
1152 2598 1186 2665 Si
1220 2602 1288 2687 quis

275 2709 348 2779 citt.
369 2711 425 2780 circ.
447 2721 599 2806 acceperit,
623 2741 662 2784 cx
680 2739 775 2806 aequo
792 2721 937 2783 actionem
952 2720 1129 2794 sustinento,
1154 2719 1200 2780 sin
1215 2737 1286 2780 vero

274 2830 317 2897 illi
342 2831 501 2919 adjecerint
522 2846 590 2911 cett.
619 2871 653 2884 -
682 2833 750 2918 Quo
773 2837 866 2924 igitur
887 2833 1052 2898 burchardi
1075 2832 1215 2897 inductus
1238 2834 1286 2909 sit,

274 2959 310 3012 ut
334 2951 463 3036 primurn
485 2948 625 3016 Novellac
654 2973 753 3016 casum
782 2964 812 3016 et
837 2961 1027 3038 praeceptum
1056 2951 1171 3014 uncinis
1193 2946 1287 3013 inclu-

275 3063 343 3130 dere
366 3065 502 3142 voluerit,
527 3070 653 3134 assecuti
676 3090 738 3132 non
761 3089 874 3145 sumus,
899 3089 965 3132 cum
988 3078 1018 3132 et
1038 3069 1120 3152 ipsae
1141 3084 1288 3153 gramma·

274 3181 347 3244 ticac
370 3182 441 3244 artis
465 3183 583 3268 regulae
606 3181 816 3269 impedimento
840 3174 940 3263 sint⁶).

334 3293 500 3360 Burchardi
512 3295 548 3359 de
561 3295 792 3383 obligationibus
805 3299 931 3384 epactis
941 3299 1019 3362 natis
1031 3295 1180 3374 disseruit,
1192 3295 1287 3360 iusti-

273 3411 380 3475 uianus
404 3409 440 3475 de
462 3420 567 3475 mutuo
583 3411 655 3476 doto
671 3411 788 3478 locutus
805 3427 863 3492 est,
891 3412 1057 3479 Burchardi
1078 3424 1225 3501 perpetuo
1250 3410 1285 3476 de

274 3523 381 3591 debitis
405 3525 534 3592 dividuis
561 3527 646 3607 dicit,
676 3528 813 3618 adquae
836 3528 987 3596 ncrerbo
1011 3529 1130 3618 quidem
1154 3551 1171 3592 a
1192 3527 1287 3593 lusti·

326 3743 348 3812 ο)
370 3745 511 3818 Vangercw
527 3744 572 3800 ll
591 3763 615 3818 p.
628 3746 671 3802 95.
698 3747 875 3802 burchardium
889 3745 1027 3816 justissime
1041 3744 1200 3818 reprehendit,
1219 3741 1286 3817 quod

273 3851 354 3898 umen
372 3842 540 3917 obligationem
558 3843 687 3899 ccrrcalem
705 3847 763 3899 oriri
781 3833 885 3918 negavit.

325 3941 349 4009 ⁷)
370 3942 505 3997 Burchardi
521 3944 646 3998 notionem
664 3943 730 3999 verbi
747 3947 905 4019 προπίθημι
923 3944 1020 3998 omnino
1038 3939 1151 4016 neglexit.

325 4037 348 4108 ⁸)
372 4038 421 4094 (llr.
441 4039 455 4110 ξ
471 4040 510 4094 15.
524 4039 564 4095 lll.

1456 2191 1469 2286 i
