2936 4554
610 317 769 430 *ne-

184 510 328 574 orationis
356 506 447 572 modo
470 507 634 594 Imperator
660 493 819 595 significat,
850 504 1023 571 creditorem
1052 507 1196 570 actionem

183 626 299 690 interim
324 637 427 689 contra
450 623 580 711 reliquos
605 645 734 711 quoque,
759 627 784 688 si
808 621 952 688 solvendo
977 635 1007 686 et
1027 633 1196 709 praesentes

184 741 253 817 sint,
278 743 430 805 instituere
454 738 569 818 debere,
594 739 689 804 donec
711 738 868 826 injudicio
891 740 1001 804 certius
1015 739 1195 825 apparuerit,

185 877 236 920 eos
259 877 361 921 revera
383 855 528 921 solvendo
552 879 614 921 non
630 877 703 933 csse,
728 855 758 920 id
773 855 856 943 e'puod
876 848 1015 942 posteau)
1032 855 1196 919 accuratius

185 970 390 1059 explicabitur.
415 1010 451 1020 -
478 965 673 1054 DedehindV)
698 993 713 1036 e
737 975 885 1036 contrario
909 970 1000 1036 verba
1022 978 1138 1055 χωρεῖν
1161 967 1198 1033 di

185 1099 214 1152 et
236 1081 464 1174 φνῖείπεσθαν
485 1089 546 1173 μὲν
567 1083 604 1152 ad
628 1085 806 1173 σύμφωνον
827 1111 883 1176 pro
907 1088 986 1153 thesi
1008 1100 1037 1153 et
1058 1086 1197 1151 antithesi

184 1201 299 1282 hahuit,
323 1225 358 1268 eo
383 1202 509 1269 fortasse
532 1202 686 1282 inductus,
712 1205 795 1292 quod
816 1203 989 1270 beneficium
1013 1204 1198 1269 excussionis

186 1317 341 1385 affectavit.
368 1317 434 1401 Qua
450 1318 486 1384 de
502 1319 606 1405 rojam
622 1312 751 1406 supra¹³)
764 1323 914 1396 annotavi,
932 1341 1034 1385 vocem
1050 1321 1198 1404 »pereae«

186 1436 229 1498 sic
251 1436 332 1498 omni
362 1456 451 1499 sensu
483 1437 609 1521 privari,
640 1433 692 1499 sed
722 1447 872 1522 praeterea
894 1435 943 1500 hic
964 1437 1200 1522 praetermitten-

187 1547 258 1614 dum
280 1571 340 1614 non
365 1563 419 1627 est,
443 1553 591 1633 »μένωνα
615 1551 718 1616 eodem
742 1551 849 1628 modo,
874 1572 935 1638 quo
960 1548 1011 1626 di,
1034 1548 1199 1616 Particulae

185 1666 246 1749 μὲν
261 1659 490 1754 respondere¹⁴).
520 1664 564 1730 Ne
587 1679 684 1732 autern
708 1669 775 1754 quis
795 1675 931 1752 »χωρεῖν
946 1665 984 1732 de
999 1663 1083 1730 ecla«
1100 1664 1199 1730 verbis

188 1780 284 1867 »oet
299 1806 332 1866 μ.
347 1805 375 1846 τ.
390 1797 432 1846 σε
456 1781 587 1847 crederet
603 1785 726 1876 opponi,
750 1783 913 1869 Imperator
929 1805 990 1848 non
1014 1794 1128 1848 tantum
1152 1781 1199 1846 his

187 1901 371 1964 enuntiatum
388 1894 466 1964 »οὖν
481 1893 584 1974 εὐθὺς
594 1899 704 1982 μέντοι
716 1897 806 1976 ech«,
823 1899 877 1964 sed
890 1902 977 1965 etiem
989 1899 1059 1963 huic
1073 1895 1198 1986 periodo

188 2005 269 2079 »orie
291 2008 395 2091 mooe
409 2017 518 2098 perrea
532 2013 618 2080 κτλ.»
643 2018 874 2081 enuntiationem
893 2019 1104 2103 insequentem,
1127 2013 1201 2079 Par-

187 2129 277 2195 ticula
306 2131 492 2196 adversativa
520 2126 608 2196 aitte
638 2131 786 2211 adhibita,
818 2135 994 2198 contrariam
1022 2130 1130 2207 effecit,
1159 2133 1200 2194 ita

188 2260 238 2323 ut,
268 2250 354 2312 etiam
378 2250 403 2312 si
426 2251 625 2336 interpunctio
650 2247 949 2337 Osenbrueggeniana
973 2251 1110 2335 cuiquam
1129 2268 1202 2334 pro·

188 2361 258 2427 bata
280 2385 342 2428 non
365 2377 451 2440 esset,
476 2374 614 2450 »χωρεῖν
633 2363 689 2430 δὲ»
712 2379 811 2431 tamen
834 2387 851 2428 a
875 2362 1122 2450 »φνλάττεσθαι
1142 2363 1202 2447 μὲν

188 2501 215 2544 τ.
232 2492 280 2543 σ.»
305 2483 425 2545 omnino
456 2479 613 2546 discretum
638 2495 724 2548 esset.
773 2481 832 2564 Qui
854 2495 952 2547 autem
975 2479 1203 2568 Osenbruegge·

188 2598 271 2660 nium
293 2596 448 2662 nobiscum
473 2601 617 2686 sequitur,
642 2621 708 2664 curn
731 2601 830 2678 »τέως
843 2601 923 2683 μὲν»
946 2611 976 2664 et
993 2606 1129 2680 »χωρεῖν
1143 2594 1201 2662 δὲ»

189 2711 289 2778 eadem
318 2716 349 2777 in
377 2711 502 2800 periodo
534 2714 676 2780 collocata
705 2717 778 2792 sint,
814 2717 917 2802 nequit
945 2712 1096 2790 dubitare,
1129 2714 1202 2800 quin

190 2835 327 2910 »χωρεῖν
351 2825 409 2891 δὲ»
437 2827 475 2892 ad
505 2830 602 2902 »τέως
629 2831 708 2910 μὲν»
739 2827 840 2892 referri
868 2841 1022 2914 oporteat,
1058 2831 1083 2891 si
1113 2849 1202 2892 sensu

189 2946 322 3029 inspecto
346 2941 447 3008 referri
468 2946 576 3030 possit.
615 2942 705 3026 Quod
727 2965 816 3008 sensu
839 2964 900 3008 non
921 2943 1076 3030 prohiberi
1099 2964 1203 3006 seeun-

191 3057 327 3135 dumea,
353 3080 428 3146 quae
451 3061 535 3124 initio
560 3059 650 3146 hujus
675 3059 881 3146 explicationis
903 3062 1128 3147 proposuimus,
1153 3079 1203 3121 ne·

190 3177 297 3239 minem
319 3173 431 3240 latebit.
936 3167 941 3176 ’

258 3285 355 3354 κατὰ
384 3286 455 3376 τὴν
476 3300 625 3379 μοῖραν
653 3289 719 3357 κτλ.
740 3330 776 3342 -
802 3291 879 3358 Vide
909 3313 984 3380 quae
1013 3284 1128 3373 inira¹⁵)
1152 3313 1204 3356 ex·

191 3406 375 3497 plicabimus.
483 3461 490 3469 .

257 3525 419 3611 Hucusque
442 3520 654 3591 ἀπαιτεῖσθαι
676 3547 732 3614 pro
753 3525 879 3591 Passivo
903 3524 1071 3602 habuimus,
1095 3525 1204 3589 rectius

191 3653 288 3706 tamen
312 3639 443 3706 Medium
472 3663 535 3706 csse
563 3645 715 3728 accipitur.
761 3641 876 3707 Etenim
900 3663 962 3707 non
985 3655 1099 3707 tantum
1122 3640 1205 3705 Aeti-

192 3779 277 3834 vum‚
307 3757 360 3822 sed
388 3760 474 3821 etiarn
497 3757 629 3822 Medium
653 3757 820 3822 αἰτεῖσθαι
842 3781 908 3824 cum
932 3757 1052 3824 duobus
1074 3757 1205 3821 Accusa-

248 3913 280 3980 ¹¹)
304 3913 369 3967 Vide
387 3911 457 3982 ΜΟ.
485 3943 519 3954 ·-
548 3913 582 3982 ¹²)
605 3913 730 3968 Dedelrind
749 3913 811 3984 §82
829 3916 879 3968 init.
898 3922 923 3969 ct
939 3932 976 3968 nr.
992 3915 1015 3966 l.

248 4000 281 4072 ¹²³)
305 4001 370 4055 Vide
388 4001 403 4072 ξ
418 4001 458 4058 18.
488 4033 522 4044 -
552 4002 584 4071 1⁴)
607 4003 722 4058 Matthiae
739 4002 840 4058 ttnr.
853 4004 878 4060 7.
910 4033 944 4043 -
972 4001 1006 4071 ¹⁵)
1022 4001 1088 4058 Vnde
1104 3998 1205 4072 §38‚t.
