2952 4556
700 330 861 431 *aa*

271 514 406 610 opinioni
442 515 604 590 communi,
641 533 729 601 quarn
757 511 859 599 paullo
888 523 975 578 antea
1003 506 1186 601 (nLoquitur
1213 533 1284 602 ergo

271 631 445 694 constitutio
468 650 531 694 non
554 628 590 694 de
613 628 732 694 dnobus
754 625 848 710 reis«)
870 629 980 716 rejecit,
1004 628 1163 695 concedere
1179 629 1283 694 voluit

272 743 354 827 Quae
384 747 588 832 interpretatio
615 741 762 810 vocabulo
792 756 930 832 naperte«
959 745 1189 822 corroboratur,
1223 765 1285 832 quo

272 872 402 946 apertam
424 859 644 946 fidejussionem
660 880 783 924 suorum
800 880 918 924 reorum
933 859 1087 928 obvelatae
1101 859 1286 948 fidejussioni

272 996 444 1040 corneorum
466 974 592 1040 debendi
607 975 735 1040 alternae
752 978 905 1062 opposuit.
926 1013 962 1024 -
982 976 1061 1042 Tum
1075 977 1135 1042 hoc
1149 973 1285 1064 cxemplo

272 1089 415 1156 Douellus
438 1112 541 1156 verum
565 1113 635 1156 suae
659 1093 810 1177 opinionis
831 1113 949 1156 sensum
974 1092 1171 1158 demonstrat:

385 1205 496 1290 »Quod
518 1210 559 1271 ita
581 1207 616 1271 fit
636 1211 667 1274 in
691 1207 820 1285 duobus,
845 1229 938 1296 quum
955 1229 1032 1274 unua
1047 1211 1144 1297 primo
1160 1219 1190 1273 et
1204 1210 1287 1294 prin·

385 1321 516 1409 cipaliter
538 1326 715 1410 promittens
738 1337 838 1413 aperte
861 1323 1065 1411 fidejussorem
1089 1322 1154 1402 dat,
1182 1323 1288 1388 sedet

382 1436 542 1524 fidejussor
564 1461 683 1504 rursum
707 1443 749 1506 sic
771 1442 929 1526 accipitur,
959 1451 995 1505 ut
1016 1461 1102 1516 rcus,
1127 1441 1179 1526 qui
1202 1441 1286 1526 prius

383 1557 569 1640 promiserat,
594 1577 649 1642 pro
674 1577 709 1620 eo
732 1553 917 1642 fidejubent«

339 1666 424 1736 Unde
453 1673 587 1758 sequitur
615 1670 689 1737 duas
711 1671 850 1758 pluresve
873 1692 1017 1760 personas
1040 1669 1202 1737 secundnm
1224 1669 1288 1735 llo·

272 1787 381 1852 ncllum
403 1786 502 1852 taliter
515 1791 578 1853 vice
602 1800 706 1853 mutua
726 1785 897 1875 fidejubere,
921 1799 956 1852 ut
978 1786 1132 1875 stipulanti
1148 1785 1287 1852 creditori

275 1899 457 1976 alternantur,
482 1901 554 1967 alter
576 1916 648 1990 post
664 1903 797 1980 alterurn,
822 1895 1049 1988 promittant¹⁶),
1073 1901 1112 1966 ad
1127 1901 1210 1990 quod
1224 1900 1288 1966 llo·

273 2018 368 2084 ncllus
391 2031 451 2082 tarn
466 2015 566 2081 verbis
580 2017 727 2105 Vulgatne
751 2018 882 2084 naltorna
896 2017 1089 2105 fidejussione
1106 2017 1285 2105 obligatos«,

275 2154 363 2222 quam
387 2132 549 2198 Haloandri
576 2134 768 2200 translatione
792 2131 887 2216 (vocis
910 2125 1081 2218 α’λληλεγγ.
1098 2130 1287 2214 decaecato)

275 2249 378 2337 »quod
407 2247 464 2313 sub
492 2249 653 2317 alternante
681 2250 873 2338 fidejussione
895 2248 1037 2315 creditum
1061 2262 1124 2315 eat«
1148 2247 1288 2314 inductus

274 2387 338 2430 esse
366 2364 494 2430 videtur.
528 2403 564 2414 —
597 2363 716 2432 Ceteras
750 2367 901 2454 opinionis
936 2387 1007 2432 snae
1040 2378 1139 2453 partes
1171 2364 1219 2430 his
1246 2367 1288 2429 ita

275 2483 469 2546 continuavit.

341 2596 527 2661 Justinianus
553 2617 604 2661 eos
627 2597 739 2662 alterna
759 2596 952 2684 fidejussione
975 2589 1125 2686 obligatos
1147 2618 1208 2662 nnn
1230 2618 1287 2683 pro

276 2711 395 2778 duobus
419 2714 476 2777 reis
499 2710 614 2790 habuit,
638 2711 691 2778 sed
713 2735 747 2778 ea
770 2734 873 2778 eorum
889 2712 1020 2778 conditio
1036 2725 1090 2790 cst,
1114 2725 1149 2778 ut
1163 2725 1288 2801 uterque

275 2841 335 2894 tam
362 2851 431 2894 reus
460 2829 646 2916 principalis,
676 2850 764 2917 quam
794 2851 851 2916 pro
875 2827 978 2893 eodem
1002 2827 1102 2894 debito
1130 2828 1289 2916 fidejussor

275 2946 396 3012 alterius
425 2947 472 3010 sit.
511 2944 576 3009 Jam
606 2945 674 3011 inde
702 2943 860 3011 difficultas
882 2945 1029 3022 nascitur,
1059 2944 1142 3033 quod
1163 2957 1288 3032 uterque

274 3075 424 3150 tamquam
453 3083 520 3127 reus
549 3064 580 3126 in
609 3061 738 3127 solidum
766 3063 918 3126 conveniri
947 3071 1062 3148 potest,
1092 3073 1122 3126 et
1148 3062 1287 3149 quoniam

331 3313 363 3381 ¹⁶)
386 3313 511 3366 Praeterea
528 3312 645 3368 Donellus
662 3315 744 3368 minus
763 3322 845 3380 caute,
869 3314 911 3369 sed
934 3332 984 3369 non
1001 3313 1063 3369 lalsc
1081 3331 1153 3368 voees
1171 3313 1289 3384 quadam

277 3409 397 3477 adhibuit,
421 3411 511 3482 quibus
529 3411 641 3465 Asverna
664 3409 752 3483 aliique
777 3413 893 3466 commoti
914 3429 968 3468 csse
990 3413 1115 3478 videntur,
1137 3418 1166 3466 ut
1184 3429 1241 3466 eum
1260 3411 1290 3466 de

276 3510 364 3564 correia
381 3510 433 3562 viee
450 3515 538 3562 mutua
556 3506 741 3578 fidejussoribus
759 3511 877 3583 cogitasse
894 3517 1018 3582 putarent:
1039 3517 1127 3582 utputa
1137 3526 1174 3564 nr.
1186 3508 1212 3563 3.
1230 3517 1291 3562 -ant

277 3609 298 3661 si
315 3626 373 3662 rene
392 3603 508 3678 appellare
526 3603 622 3672 lubet«,
640 3625 677 3660 nr.
689 3607 713 3660 4.
733 3607 817 3678 »quod
835 3609 859 3662 in
878 3608 975 3663 duobus
991 3616 1053 3673 rete
1072 3608 1115 3679 qui
1130 3615 1185 3662 eice
1202 3612 1291 3662 mutua

267 3705 436 3779 fidejueaoree
454 3709 553 3776 accepti
571 3711 636 3770 sunt,
654 3706 798 3776 proponitur
811 3723 839 3760 ea
852 3707 941 3777 aperies
955 3713 1030 3772 cetto,
1049 3723 1085 3759 nr.
1098 3705 1123 3758 5.
1141 3703 1290 3758 »Nemeum

277 3803 314 3856 hic
333 3803 383 3856 duo
401 3809 440 3856 ret
459 3803 549 3872 accepti
566 3803 622 3867 sint,
641 3821 747 3874 quorum
765 3811 868 3876 uterque
880 3820 924 3874 pro
938 3802 1011 3858 altero
1023 3802 1197 3874 fidejusserit«,
1215 3818 1252 3856 nr.
1265 3800 1290 3855 6.

278 3901 327 3954 »Et
345 3908 407 3953 certe
424 3899 470 3952 hoc
489 3907 651 3970 quaereretur,
670 3902 690 3954 ai
709 3909 752 3955 aut
771 3902 820 3956 deo
838 3909 878 3956 ret
898 3909 993 3955 tantum
1012 3907 1093 3955 essent
1110 3909 1176 3956 cett·
1195 3929 1229 3940 -
1248 3897 1290 3954 eir.

278 3995 392 4051 Toullieu
412 3995 565 4052 collectanea.
585 3998 720 4071 Grouingae
741 3997 816 4054 1737.
834 4016 858 4070 p.
870 3999 930 4054 454.

1455 4215 1462 4448 l
