2936 4554
696 303 858 409 —1c9-

204 526 217 544 '
307 527 330 566 “”
734 533 821 622 §tu

270 669 302 750 b)
331 627 587 772 Quomodo'iu
606 668 756 756 judicio
781 674 880 738 actio
905 669 1028 739 divisa
1051 687 1087 740 et
1109 675 1285 762 exceptio

269 784 465 872 Epistulae
495 783 531 850 D.
555 784 736 851 Hadriani
766 808 833 851 seu
861 788 1090 855 dividendae
1120 792 1285 855 actionis

539 893 542 902 ’
609 881 832 968 tractabdae
862 907 949 970 sint.

335 1061 552 1148 Imperatoria
574 1081 639 1148 cap.
654 1061 676 1128 1.
701 1059 720 1146 §
738 1060 754 1128 1
780 1061 910 1131 officium
929 1063 1041 1152 judicis
1064 1067 1107 1132 sic
1129 1063 1284 1132 describit:

380 1178 565 1254 »sueinum
590 1189 638 1255 ut,
663 1179 714 1265 qui
737 1201 798 1244 reru
816 1179 943 1267 judicat,
969 1181 1037 1248 ilios
1060 1184 1160 1247 statim
1181 1181 1284 1268 injus

382 1304 469 1358 vocet
490 1305 521 1358 ct
541 1295 736 1374 communiter
758 1315 876 1362 causam
899 1299 1062 1380 examinet,
1085 1318 1284 1363 communem·

291 1461 294 1470 Δ
382 1431 440 1497 que
463 1412 637 1476 seutentiam
659 1408 744 1477 serat.
785 1412 829 1476 lta
852 1413 930 1477 enim
952 1423 982 1477 et
1004 1410 1040 1477 dc
1064 1412 1202 1478 omnibus
1224 1415 1283 1478 reis

377 1523 562 1614 judicabitur
584 1539 613 1592 et
636 1529 786 1614 quantitas
810 1525 993 1594 substantiae
1016 1550 1118 1594 eorum
1135 1531 1284 1594 examina·

380 1642 477 1720 bitur,
505 1663 602 1730 nequo
625 1643 721 1709 solum
745 1643 908 1710 secuudum
931 1644 1093 1732 justitiam,
1121 1645 1283 1712 sedetiam

381 1756 544 1824 secundum
565 1759 639 1846 legis
663 1759 796 1825 ordinem
820 1759 953 1826 debitum
977 1759 1141 1848 procedet«

271 1874 388 1959 Quibus
410 1873 508 1941 verbis
531 1877 671 1963 inspeetis
695 1874 910 1954 contendimus,
929 1875 1070 1963 judicem,
1095 1870 1283 1966 postquam¹)

269 2015 337 2058 reos
358 2004 528 2080 praesentes
550 1995 580 2056 iu
599 1989 745 2080 judicium
769 1995 892 2070 vocarit,
919 1995 1088 2059 universam
1110 1992 1170 2058 litis
1192 2006 1284 2059 mate-

268 2110 342 2175 riam
358 2111 594 2210 examinaturum
610 2131 683 2186 esse,
707 2111 851 2198 imprimis
866 2120 964 2174 autem
979 2107 1200 2196 inquisiturum,
1223 2128 1284 2196 qua

269 2227 395 2313 quisquc
418 2223 570 2314 praeditus
594 2228 634 2290 sit
656 2223 793 2291 facultate
809 2223 955 2291 solvendi.
987 2221 1081 2290 Nemo
1098 2226 1175 2288 onim
1194 2235 1284 2312 negat

270 2343 417 2418 citatione,
442 2345 620 2429 cognitione,
645 2345 790 2408 sententia
806 2341 937 2429 plenum
954 2340 1065 2427 judicis
1086 2338 1215 2406 officium
1231 2338 1292 2439 de3¹

219 2507 223 2518 .
269 2459 411 2542 scriptum
441 2477 519 2533 esse,
549 2477 662 2543 neque,
693 2456 776 2544 quod
799 2454 837 2521 ad
859 2458 1080 2544 inquisitionem
1103 2455 1140 2521 de
1162 2477 1282 2521 reorum

269 2570 458 2637 facultatibus
481 2569 691 2636 instituendam
715 2575 827 2650 attinet,
855 2570 1002 2637 dubitatio
1027 2573 1149 2637 excitari
1171 2583 1281 2658 potest,

269 2691 342 2776 quin
369 2687 532 2754 interillos
561 2686 600 2751 ad
627 2687 720 2752 solam
744 2690 943 2776 cognitionem
969 2689 1125 2775 pertineat.
1173 2685 1284 2770 Quam-

269 2804 371 2871 obrem
400 2804 447 2870 bis
470 2803 570 2870 verbis
592 2818 730 2892 apparet,
757 2803 902 2891 judicem,
931 2815 1091 2892 postquam
1113 2814 1282 2890 praesentes

268 2923 348 2987 citati
372 2924 446 3000 sint,
476 2924 591 3009 copiam
614 2920 750 2986 solvendi
777 2919 963 3008 singulorum
986 2919 1143 3008 explorare
1164 2917 1282 2985 debere.

335 3035 503 3102 Redeamus
531 3036 570 3102 ad
598 3039 786 3124 principium.
831 3036 1008 3122 Interpretes
1034 3035 1126 3101 rerba
1153 3039 1227 3099 »καὶ
1254 3031 1285 3096 si

267 3152 362 3218 maim
373 3197 398 3216 ..
410 3145 582 3239 q’dovsidq«
594 3156 636 3218 ita
647 3150 805 3218 transferre
816 3153 923 3231 solent,
935 3165 1085 3241 tamquam
1096 3174 1158 3217 uon
1172 3153 1280 3227 minus,

250 3291 253 3298 ’
269 3291 357 3357 quam
374 3269 574 3334 antecedentia
589 3267 627 3332 ad
642 3271 785 3334 actionem
801 3269 1012 3336 instituendam
1030 3271 1206 3356 pertineant,
1230 3287 1282 3331 ne·

268 3406 326 3473 que
342 3407 413 3450 vero
433 3384 472 3449 ad
494 3387 638 3450 actionem
656 3385 719 3470 jam
734 3386 915 3463 institutam,
939 3386 970 3450 b.
983 3408 1009 3452 e.
1025 3383 1064 3449 ad
1079 3385 1281 3476 quaestionem

268 3521 285 3564 a
303 3499 404 3586 judice
421 3499 650 3585 dijudicandam.
686 3497 775 3582 Quod
790 3511 825 3566 ut
841 3505 1031 3588 perspicuum
1048 3498 1167 3578 habeas,
1190 3494 1282 3562 verba

267 3616 316 3680 iila
339 3616 378 3681 ad
400 3616 567 3703 exemplum
589 3615 752 3682 Haloandri
775 3619 816 3680 ita
838 3616 1018 3683 redduntur:

379 3732 419 3799 Et
442 3731 560 3821 quidem
584 3734 610 3797 si
625 3735 666 3797 ita
682 3754 712 3798 se
728 3754 775 3797 res
790 3731 899 3798 habere
915 3732 1061 3810 videatur,
1084 3743 1164 3797 utet
1180 3749 1281 3795 omues

380 3850 422 3914 illi
450 3847 594 3915 solvendo
624 3851 686 3914 sint
713 3861 743 3914 et
770 3851 801 3914 in
829 3872 891 3916 rem
920 3861 1103 3936 praesentem
1130 3845 1282 3914 conveniri

267 3965 480 3976 —u-—nu

323 4007 343 4077 1)
368 4007 418 4062 ea.
436 4007 529 4062 sunan
545 4005 611 4077 nprc
631 4003 815 4076 (supraque).
