2936 4554
646 712 779 782 caput
797 711 875 768 ΙΙΙ.

467 840 648 933 Praecepta
665 835 821 909 Novellae
841 835 1056 931 explicantur.

718 1032 806 1120 sss.

410 1171 433 1235 1.
467 1170 715 1258 Praeceptum
743 1168 923 1236 Novellae
951 1173 1118 1259 primum.

321 1321 418 1386 Hocce
441 1334 631 1410 praeceptum
654 1325 686 1386 iu
701 1323 836 1388 oratione
851 1321 1034 1389 antecedenti
1045 1323 1108 1409 jam
1124 1317 1269 1411 saepius¹)

255 1440 417 1526 attigimus.
455 1438 656 1504 lastinianum
680 1436 793 1503 verbis:

367 1553 431 1617 »Ei
450 1549 514 1641 γάρ
537 1578 584 1629 τις
599 1550 823 1639 ἀλληλεγνύως
837 1547 1045 1629 ὑπευθύνους
1060 1548 1158 1638 λάβοι
1172 1554 1271 1632 τινάς,

368 1669 398 1732 sl
423 1663 548 1755 μὲνμῆ
578 1671 736 1755 προςθείη
764 1667 801 1733 τὸ
824 1667 894 1735 δεῖν
923 1673 979 1733 καὶ
1001 1671 1060 1736 ἕνα
1081 1669 1204 1736 τούτων
1225 1671 1272 1748 εἷς

367 1781 546 1870 ὁλόκληρον
568 1784 750 1866 ἐνέχεσθαι,
773 1783 898 1860 πάντας
920 1782 957 1863 ἐξ
979 1788 1050 1851 ἴσον
1066 1781 1125 1872 τῆν
1140 1779 1272 1872 ἀγωγὴν

367 1897 603 1986 boimundus«

256 2017 384 2084 edietum
413 2038 480 2081 rere
508 2038 629 2081 novum.
651 2021 846 2105 proposuisse
871 2016 1069 2094 ostendimus,
1100 2030 1129 2083 et
1152 2039 1272 2106 opernm

256 2133 400 2210 dedimus,
425 2144 460 2198 ut
477 2132 559 2218 juste
583 2145 612 2198 et
630 2133 767 2198 consulto
784 2155 850 2198 eum
865 2135 907 2198 ita
922 2132 1050 2199 edixisse
1065 2133 1270 2220 probaremus.

257 2249 456 2333 Quamobrem
484 2248 532 2313 hic
561 2260 676 2314 tantum
707 2248 805 2314 adbuc
834 2248 977 2314 nonnulla
1004 2249 1169 2336 adjicienda
1191 2261 1272 2327 sunt,

257 2387 333 2454 quae
357 2386 449 2453 quum
473 2362 512 2428 ad
536 2365 705 2450 opinionem
737 2377 870 2429 nostram
899 2365 1117 2453 explicandam,
1147 2379 1211 2432 tum
1233 2365 1273 2431 ad

257 2480 378 2546 eandem
407 2492 511 2545 contra
538 2491 711 2567 argumenta
739 2479 927 2566 quorundam
956 2479 1194 2547 adversariorum
1221 2481 1273 2546 de·

257 2594 431 2661 seudcndam
455 2597 626 2682 respiciunt.

325 2710 415 2794 Quod
438 2711 476 2776 ad
499 2714 682 2778 occasionem
704 2710 778 2799 legis
802 2723 923 2798 spectat,
947 2705 1166 2801 Ribbentrop²l
1185 2713 1273 2801 legis·

257 2830 380 2895 latorem
409 2827 572 2895 arbitratur
598 2829 658 2893 hoe
686 2827 758 2916 legis
785 2839 943 2915 praecepto
972 2827 1080 2894 abusui
1102 2831 1273 2917 prospicere

257 2947 402 3024 voluisse,
434 2949 485 3034 qui
512 2969 547 3011 eo
571 2957 704 3033 tempore
727 2947 758 3009 in
781 2945 1023 3032 interpretatione
1046 2945 1272 3032 stipulationum

257 3060 428 3128 obtinuerit.
458 3062 553 3146 Quam
572 3062 769 3147 conjecturam
784 3082 910 3148 prorsus
926 3058 1029 3125 falsam
1045 3083 1186 3126 essenon
1202 3083 1274 3127 con-

257 3177 384 3256 tendam,
410 3190 508 3242 tamen
531 3188 704 3265 argumenta
727 3188 813 3241 antea
836 3189 938 3241 contra
955 3175 1162 3243 Girtanucrum
1185 3177 1273 3243 allata

257 3297 344 3358 etiam
360 3293 503 3359 adversus
518 3291 768 3378 Ribbentropium
784 3304 860 3378 puto
876 3293 973 3358 locum
990 3290 1108 3358 habere.
1125 3331 1162 3342 -
1180 3294 1272 3358 Immo

258 3431 329 3473 vero
353 3431 419 3473 cum
442 3409 644 3495 legislatorum
668 3409 721 3482 sit,
746 3419 776 3472 ct
797 3406 921 3486 suturis,
946 3409 1055 3496 quibus
1080 3412 1157 3474 cives
1181 3408 1273 3498 affligi

257 3525 384 3610 possint,
410 3522 523 3588 damnis
546 3526 726 3611 prospicere,
752 3537 781 3590 et
797 3525 916 3590 utilitati
935 3524 1125 3590 subditorum
1148 3546 1271 3612 quoquo

257 3639 348 3705 modo
373 3639 535 3717 consulere,
558 3662 646 3704 causa
669 3643 741 3705 satis
765 3639 913 3706 sufficiens
937 3641 1031 3719 adest,
1056 3664 1093 3706 cx
1111 3663 1172 3730 qua
1189 3662 1273 3705 occa·

258 3760 371 3822 sionem
388 3754 557 3821 condendae
579 3756 652 3844 legis
669 3779 829 3821 sumamus.
864 3757 914 3823 Ad
930 3779 1017 3845 quam
1033 3770 1063 3823 et
1079 3781 1113 3824 ea
1127 3759 1273 3845 respicere

312 4001 333 4070 ι)
358 4000 410 4070 §1
426 3999 521 4056 14.2n.
536 3999 677 4069 30.32,11.
706 4032 740 4043 -
767 4001 789 4071 2)
813 4002 962 4073 muneremp
980 4020 1004 4074 p.
1022 4001 1154 4058 115.116.
