2952 4556
623 330 785 433 *gr*

198 507 386 602 Gujacius⁶),
415 514 565 580 Antonius
592 507 734 595 ratast),
768 512 933 602 Dionysius
962 504 1209 598 Gotboircdus⁸i‚

196 631 291 697 Janus
307 655 324 696 a
340 624 462 712 Costa⁹)
488 633 657 717 opinionem
681 651 864 696 communem
887 635 1034 719 aspernati
1052 655 1113 697 nou
1130 645 1212 698 suut:

198 746 287 831 Quod
314 768 407 834 acque
435 746 473 812 ad
495 738 721 828 Potbirrium¹⁰)
744 747 836 824 vaiet,
865 750 916 834 qui
945 747 1064 836 quidem
1091 748 1129 813 ab
1153 749 1210 814 iliis

196 875 329 950 tompore
351 863 478 928 muitum
501 861 599 948 distet.
646 859 721 927 Nam
745 861 828 950 quod
849 862 975 928 Pothicr
996 867 1124 951 primum
1145 863 1210 930 No·

194 979 287 1046 velino
309 991 498 1068 pracceptum
514 1001 580 1044 cum
597 981 738 1066 opinione
753 982 902 1044 communi
920 983 1040 1057 statuit,
1064 979 1210 1068 idipsum

196 1094 405 1162 documentum
428 1097 500 1160 satis
523 1093 663 1161 idoneum
688 1108 742 1174 cst,
766 1107 801 1160 ut
816 1117 882 1162 cum
898 1098 974 1162 iutcr
989 1095 1122 1163 fautores
1145 1097 1210 1184 ejus

196 1215 346 1302 opinionis
369 1210 540 1277 babeamus.

260 1327 339 1394 intcr
363 1327 510 1405 doctores,
535 1331 587 1416 qui
605 1349 643 1392 ex
657 1327 737 1392 Italis
753 1339 782 1392 ct
797 1328 937 1418 Hispanis
954 1326 1044 1405 sucro,
1068 1330 1209 1416 perpauci

194 1456 309 1509 tautum
331 1442 472 1508 Novciiac
502 1447 652 1508 materiam
681 1447 812 1530 aggressi
835 1457 915 1509 sunt.
955 1442 1091 1527 Quorum
1115 1466 1130 1508 c
1152 1466 1210 1509 nu·

194 1581 275 1624 moro
298 1557 396 1623 Julius
418 1558 525 1624 Pacius
549 1581 567 1622 a
589 1552 743 1645 burigun),
767 1557 908 1623 Nicolaus
931 1558 1046 1623 Belloui
1070 1557 1210 1626 Casalcn-

195 1666 290 1754 sis¹²),
315 1672 466 1738 Antonius
491 1666 702 1756 Gamerztusss)
732 1676 866 1761 opinioni
894 1651 1110 1738 vetustissimae
1138 1697 1209 1739 con-

194 1788 354 1854 firmandas
387 1810 505 1877 operum
535 1787 694 1866 dederunt,
726 1789 874 1854 Antonius
902 1782 1081 1870 Perczius¹⁴)
1110 1803 1208 1855 autem

193 1907 464 1990 interpretationem
479 1903 641 1969 Haioaudri
665 1903 881 1993 comprobavit.
918 1903 976 1988 Qui
992 1909 1127 1993 scriptor,
1153 1909 1207 1971 ctsi

192 2021 318 2085 Lovanii
341 2032 432 2085 artcm
451 2019 609 2106 juridicam
631 2020 785 2108 professus
808 2023 863 2099 sit,
890 2025 1011 2086 natione
1034 2032 1130 2086 tamen
1154 2021 1208 2087 Hi·

193 2158 305 2224 spanus
327 2135 393 2201 fuit.

140 2408 144 2414 Ι
196 2363 198 2370 v
246 2334 267 2404 ⁶)
291 2335 352 2408 Opp.
373 2337 461 2413 omnia.
480 2335 693 2408 usurarios.
711 2335 953 2392 unctuosius&
979 2336 1040 2408 Opp.
1059 2345 1123 2410 post.
1142 2339 1173 2394 T.
1187 2339 1205 2393 1.

191 2433 220 2488 Ρ.
233 2433 251 2488 l.
270 2433 298 2488 ad
317 2433 375 2488 bt
394 2434 423 2488 dc
442 2434 508 2506 quib.
526 2451 560 2487 re.
579 2435 608 2488 ati
631 2435 703 2489 eund.
717 2434 792 2506 judio.
812 2435 858 2489 sub
876 2434 911 2489 lit.
924 2434 952 2489 Ε.
976 2463 1011 2474 —
1035 2435 1064 2488 ad
1082 2435 1158 2492 L.38
1176 2436 1206 2491 dc

192 2531 280 2585 admin.
298 2539 345 2585 tut.
364 2531 407 2586 col.
418 2530 478 2586 327.
497 2561 531 2572 -
549 2533 577 2587 Ρ.
586 2531 615 2586 11.
632 2533 662 2587 ad
674 2533 702 2587 L.
712 2533 754 2587 51.
767 2531 805 2603 §1
821 2533 850 2587 de
862 2532 970 2604 fidejurs.
985 2532 1029 2587 roi.
1045 2532 1102 2588 138.
1121 2563 1155 2574 -
1175 2535 1206 2588 ad

192 2629 219 2682 L.
234 2630 264 2683 11
279 2647 315 2700 pr.
328 2629 357 2683 de
370 2629 427 2684 duo.
440 2631 487 2684 reis
500 2628 544 2684 coi
558 2628 618 2685 508.
637 2661 671 2670 -
690 2631 721 2684 T.
734 2629 764 2684 11.
783 2631 812 2684 ad
826 2631 889 2684 Nor.
903 2630 944 2684 99.
959 2649 982 2702 p.
995 2630 1055 2684 544.
1074 2661 1109 2670 -
1127 2631 1158 2685 Τ.
1172 2631 1204 2685 V.

192 2727 222 2780 ad
240 2727 268 2780 L.
284 2725 317 2782 16
335 2727 361 2782 6.
380 2726 409 2782 dc
427 2728 502 2798 pactis
521 2725 565 2780 col.
580 2726 637 2782 102.
657 2756 691 2768 -
716 2727 746 2781 ad
764 2729 814 2784 Tit.
835 2729 861 2784 0.
880 2729 909 2783 do
928 2729 985 2783 duo.
1005 2730 1051 2782 reis
1070 2727 1114 2783 roi.
1130 2726 1204 2782 1323.

191 2825 246 2879 Uno
259 2833 340 2879 tamen
351 2824 404 2879 loco
417 2825 530 2897 cujacius
542 2824 710 2879 Haloaudrum
724 2834 822 2880 secutus
835 2834 884 2879 est:
897 2825 958 2897 0pp.
968 2844 1004 2896 pr.
1017 2826 1048 2880 T.
1059 2825 1076 2880 l.
1089 2824 1133 2881 col.
1145 2825 1204 2881 196.

191 2920 271 2976 uut3
289 2923 315 2975 iu
333 2922 374 2990 §l
395 2922 419 2976 J.
439 2921 467 2976 de
486 2921 543 2974 duo.
562 2923 617 2974 reis.
793 2991 796 2997 .

244 3018 266 3086 ⁷)
289 3020 348 3072 Aut.
360 3018 450 3071 Faber:
470 3019 574 3090 Conject.
589 3019 639 3088 jur.
658 3019 703 3071 civ.
722 3016 801 3090 Lugd.
813 3019 867 3072 bat.
884 3018 958 3072 1605.
976 3018 1029 3073 Lib.
1041 3019 1085 3072 Xi.
1104 3037 1123 3072 c.
1136 3019 1180 3074 lv.

244 3116 267 3183 8)
291 3115 362 3185 corp.
381 3115 445 3185 juris
468 3112 529 3168 civii
552 3116 577 3168 iu
600 3113 638 3169 lv
652 3113 680 3167 P.
700 3114 802 3168 distinct.
826 3115 944 3187 Dionysio
968 3115 1116 3170 Gothofrcdo
1140 3125 1203 3171 auct.

190 3212 255 3267 Frci.
269 3230 290 3265 a.
302 3214 336 3266 Μ.
351 3210 426 3266 1663.
445 3212 475 3266 ad
493 3213 558 3266 Nov.
571 3211 612 3266 99.
631 3220 682 3266 not.
695 3213 719 3266 Ιι.

243 3311 265 3378 ⁹)
288 3311 366 3366 Janus
385 3327 398 3363 a
418 3311 491 3366 Costa
508 3309 538 3364 ad
555 3309 629 3364 Insrr.
647 3312 683 3363 tit.
701 3310 725 3364 J.
740 3311 769 3364 dc
787 3311 844 3365 duo.
857 3312 912 3366 reis.
942 3311 981 3366 Sic
999 3310 1115 3384 allegatus
1134 3320 1203 3367 crta

188 3409 218 3463 F.
230 3407 260 3462 Ε.
271 3427 284 3462 a
295 3407 433 3463 Puicudori
449 3408 583 3464 Observatt.
598 3409 648 3480 jur.
661 3410 705 3462 riv.
723 3409 835 3463 Haunov.
851 3409 926 3466 1780.
945 3410 977 3464 T.
990 3411 1019 3465 11.
1039 3409 1066 3465 0.
1081 3411 1123 3464 77.
1142 3410 1156 3481 §
1169 3413 1201 3466 V.

244 3505 276 3575 l⁰)
298 3506 374 3562 Pand.
385 3507 476 3562 Justin.
487 3507 562 3562 Paris.
573 3515 595 3562 ct
605 3507 705 3562 Camuti
717 3506 792 3562 1752.
802 3507 829 3562 L.
835 3507 914 3575 XLV,
921 3507 945 3562 2.
955 3508 969 3578 5
982 3509 1020 3563 15.
1034 3539 1066 3548 -
1077 3509 1126 3564 cfr.
1136 3509 1149 3578 5
1159 3507 1200 3563 30.

243 3603 276 3674 ¹¹)
299 3604 361 3677 Opp.
384 3605 462 3659 theor.
480 3605 530 3676 jur.
555 3606 692 3676 utriusque.
723 3604 802 3678 Lugii.
823 3605 897 3660 1617.
920 3607 954 3660 Τ.
973 3607 1017 3660 Vi.
1044 3605 1116 3660 Anci.
1142 3606 1201 3661 Coti.

188 3701 241 3756 Lib.
254 3701 321 3770 vltl,
334 3704 376 3759 40.
395 3721 418 3757 ιι.
431 3700 455 3756 3.
469 3703 493 3756 5.

242 3799 275 3869 17)
300 3799 389 3856 Consii.
406 3799 538 3856 volumen.
556 3797 622 3853 Frci.
636 3817 656 3852 a.
670 3799 704 3853 Μ.
719 3797 795 3854 1673.
814 3798 886 3855 cous.
899 3801 942 3855 44.

243 3897 276 3964 ¹³)
301 3897 395 3952 Comm.
408 3905 432 3952 et
443 3901 522 3952 variae
531 3895 601 3952 recob
609 3897 660 3969 jur.
671 3898 715 3951 civ.
725 3897 791 3952 Just.
802 3915 865 3970 resp.
877 3897 941 3952 Frcf.
952 3898 1027 3954 1597.
1041 3899 1072 3954 Τ.
1082 3898 1112 3964 Π,
1124 3897 1164 3964 12,
1175 3897 1199 3952 2.

243 3993 274 4062 ²⁴)
298 3994 411 4051 Praelcct.
423 3995 503 4051 uxss
511 3995 551 4050 lib.
561 3995 619 4051 eod.
628 3996 748 4066 Ansverp.
760 3994 836 4051 1720.
851 3997 901 4050 Tit.
911 3995 937 4052 0.
948 3996 977 4050 de
987 3995 1044 4051 duo.
1053 3997 1100 4052 reis
1109 4014 1146 4050 nr.
1159 3997 1199 4051 16.
