2936 4554
566 825 700 912 PARS
726 824 929 910 TERTIA.

440 973 579 1071 Opinio
605 978 807 1048 communis
834 971 1060 1067 defenditur.

700 1149 794 1158 ——.-

655 1268 788 1340 (inpmt
806 1269 840 1324 Ι.
859 1297 863 1304 -

209 1383 212 1392 ’
241 1393 410 1473 Quomodo
426 1393 562 1466 Novella
575 1391 678 1465 xcix
695 1417 716 1464 a
734 1393 922 1488 legislatore
937 1393 1090 1488 conjungi
1108 1393 1252 1487 potuerit

595 1541 671 1591 cum
688 1519 826 1590 Novella
843 1517 898 1590 IV.

703 1697 721 1783 ἓ
737 1699 791 1766 20.

238 1828 261 1892 1.
283 1827 559 1914 interpretatio
582 1827 764 1914 prooemii
781 1819 983 1890 Nonxclx
1000 1823 1251 1912 grammatice.

446 1939 474 2007 l.
508 1941 856 2030 interpretationes
884 1943 1046 2028 priores.

307 2092 389 2178 Quae
411 2105 531 2158 exstant
552 2095 810 2182 interpretationes
829 2094 984 2180 prooemii,
1010 2113 1060 2157 eae
1080 2111 1174 2179 paene
1189 2111 1252 2156 om-

238 2231 291 2276 nes
307 2209 344 2274 ab
361 2209 536 2275 adversariis
553 2212 703 2298 opinionis
719 2212 883 2275 communis
900 2207 1036 2297 proditae
1053 2220 1132 2285 sunt,
1157 2227 1252 2295 neque

238 2324 435 2392 insecutorum
451 2347 573 2392 numero
590 2328 748 2414 quisquam
764 2327 887 2404 exstitit,
905 2327 957 2413 qui
969 2346 1074 2390 sensus
1087 2324 1151 2410 ejus
1167 2344 1253 2388 accu-

238 2455 301 2508 rate
313 2441 434 2508 eruendi
446 2442 608 2529 periculum
620 2441 745 2508 fecisset.
770 2440 848 2525 Quin
859 2441 959 2529 glossa
970 2433 1142 2529 quaedum¹l
1154 2438 1250 2514 (locet,

238 2580 275 2624 ne
298 2557 521 2623 translationem
544 2558 662 2646 quidem
678 2551 855 2646 Vulgstee²)
877 2559 941 2644 ejus
957 2560 1061 2623 aetatis
1077 2553 1252 2622 doctoribus

237 2677 425 2763 perspicuam
454 2672 562 2752 fuisse,
598 2687 641 2752 et,
672 2695 851 2762 quemquem
878 2685 984 2761 postea
1013 2672 1051 2738 A.
1076 2672 1113 2738 A.
1136 2671 1251 2758 Pegen-

238 2782 383 2872 stecher³l
413 2789 534 2856 eandem
557 2792 723 2856 versionem
745 2794 855 2857 rectius
877 2789 1038 2866 intellexit,
1070 2801 1100 2853 et
1120 2787 1250 2853 loannes

239 2900 445 2989 Goeddeeus⁴)
475 2909 712 2995 conjunctionem
739 2905 930 2973 Novellsrum
959 2928 1020 2971 nou
1050 2902 1253 2992 imprudenter

291 3081 312 3147 1)
337 3079 374 3134 (tl.
389 3082 467 3153 Egere
485 3081 515 3136 ecl
533 3083 597 3138 Nor.
611 3083 654 3137 99.
674 3100 726 3136 esc.
745 3099 773 3136 ca
790 3080 819 3135 l«
838 3079 908 3150 (lex).

290 3177 312 3246 ²)
336 3176 419 3232 »aliud
436 3178 506 3232 nobis
525 3181 606 3234 risum
621 3188 659 3234 est
670 3197 738 3252 egere
751 3177 856 3249 quadem
869 3176 1036 3249 explanatione
1049 3183 1073 3232 ct
1083 3177 1250 3230 incremento·

237 3275 331 3330 citetur
348 3276 482 3330 secundum
501 3276 571 3346 Corp.
581 3277 645 3347 juris
664 3277 708 3330 civ.
722 3276 759 3330 ed.
772 3294 815 3347 per
832 3275 900 3330 imin
913 3273 1056 3349 liricgclios,
1073 3274 1250 3338 Hermenuum,

237 3371 485 3445 Oscnbmeggenium.

289 3469 312 3540 8)
335 3471 368 3526 Δ.
380 3471 413 3526 Δ.
426 3469 601 3542 chcnsteeher
618 3469 663 3526 ll
683 3471 740 3544 Cep.
754 3471 809 3528 Vll.
829 3469 881 3542 54.
900 3470 991 3537 »Quod
1002 3470 1094 3525 firmari
1105 3470 1202 3525 ridetur
1219 3485 1250 3523 ex

236 3568 271 3640 cpi
287 3567 405 3634 »elioda
424 3567 491 3640 quod
509 3568 576 3623 vides
595 3569 618 3624 cl.
632 3570 696 3624 Nor.
709 3569 792 3642 preci,
812 3571 879 3643 quod
897 3576 1036 3642 opponite
1051 3570 1085 3640 cpi
1102 3568 1249 3640 nfidejusso·

235 3665 332 3732 ribus«,
352 3666 418 3737 quod
431 3675 603 3738 praecesserat:
621 3668 686 3724 unde
698 3671 863 3741 consequitur,
876 3669 905 3722 dc
916 3667 1071 3739 fidejussione
1083 3668 1249 3724 Justiuienum

236 3764 259 3817 d.
273 3765 337 3819 Nor.
356 3783 405 3818 non
424 3783 514 3838 agere.s

290 3862 311 3929 ⁴)
335 3862 477 3917 Goeddseus
495 3863 511 3916 l.
525 3861 541 3917 l.
560 3863 657 3920 n.133.
680 3863 752 3919 »Non
771 3882 828 3937 ergo
846 3865 884 3918 hic
903 3862 981 3918 voluit
999 3862 1116 3918 declarare
1134 3871 1159 3916 et
1175 3864 1249 3916 inter-

234 3961 323 4031 pretari
341 3960 395 4014 dict.
415 3961 479 4015 Nor.
492 3962 524 4028 4,
547 3962 590 4016 sed
614 3965 696 4034 potius
720 3965 844 4018 occasione
869 3962 922 4032 ejus
940 3960 1068 4028 Novellac,
1093 3963 1149 4033 quia
1173 3959 1250 4015 multa
