2952 4556
648 309 808 414 ..E-9*
831 349 835 356 .

270 485 299 556 l.
334 488 368 556 Si
386 486 458 555 ott.
473 487 527 558 ὑπ.
542 491 615 557 illud
630 489 798 578 adjecerint,
822 493 1022 581 fidejussionis
1038 492 1233 580 stipulationi,

334 628 399 672 cum
424 606 484 672 duo
507 609 551 672 rei
573 619 689 672 tantum
712 605 884 684 efficiantur,
910 609 941 673 id
959 611 1087 674 inserere
1102 630 1162 672 non
1179 629 1235 695 po·

334 717 485 805 tuerunt²)
511 726 590 788 etsi
612 727 776 789 contractui
798 724 953 811 principali
976 747 1010 788 ea
1033 723 1164 790 conditio
1187 727 1234 788 in·

333 835 437 918 suerit,
473 838 549 904 idern
577 852 783 927 argumentum
811 838 850 904 ad
878 839 1081 904 Haloandrum
1110 850 1233 926 spectet,

335 953 418 1042 quo‘d
439 954 582 1042 Savignio
606 947 708 1036 mox⁸)
732 975 928 1042 opponemus.
966 955 1057 1020 lmmo
1080 975 1151 1020 vero
1175 967 1235 1019 um

333 1072 489 1158 principali
524 1092 611 1158 quarn
646 1073 826 1136 accessoriae
860 1069 1035 1158 obligationi
1064 1068 1155 1136 verba
1183 1073 1238 1136 ’in

335 1186 482 1252 solidum«
511 1185 674 1274 adjicienda
702 1199 789 1263 sunt,
825 1208 885 1274 quo
915 1185 1119 1262 confirmatur,
1152 1183 1236 1273 quod
1301 1205 1302 1210 ’

335 1299 391 1366 sub
419 1325 464 1366 nr.
491 1301 517 1366 ll
545 1301 769 1379 contendimus,
806 1300 1015 1390 obligationem
1044 1300 1235 1388 principalem

334 1437 408 1482 voce
431 1411 504 1479 ἄλλ.
518 1408 576 1482 ὄπ.
597 1416 720 1502 perinde
744 1417 982 1502 comprehensam
1000 1438 1064 1481 esse
1084 1405 1234 1504 oportere,

335 1552 369 1594 ac
397 1542 501 1596 mutua
522 1528 675 1616 fidejussio
699 1530 860 1595 secundum
882 1529 1085 1600 Haloandrum
1109 1552 1142 1594 ea
1165 1552 1236 1596 con·

263 1697 265 1700 .
335 1647 474 1710 lineatur.
1174 1714 1180 1728 ,

269 1759 300 1826 2.
333 1761 434 1849 Ipsum
456 1772 645 1848 praeceptum
669 1781 733 1825 cum
749 1753 972 1848 Vangerovio⁹)
994 1759 1062 1826 ideo
1077 1760 1236 1847 reprehen-

281 1930 283 1934 ⁴
335 1876 442 1953 dimus,
460 1875 551 1964 quod,
569 1879 620 1964 qui
633 1874 781 1941 debitores
798 1877 922 1941 duarum
939 1873 1155 1964 obligationum
1172 1879 1236 1941 riu·

336 1993 409 2057 culis
433 1989 594 2076 obstrictos
618 1990 735 2068 babeat,
758 1994 871 2056 minore
893 1994 924 2056 in
947 2013 999 2056 eos
1020 2003 1168 2078 potestate
1188 2013 1236 2056 se·

335 2107 464 2173 eundum
487 2106 690 2172 Haloandrurn
718 2105 850 2183 fruetur,
880 2122 968 2194 quam
992 2111 1044 2194 qui
1067 2107 1239 2195 simpliciter

335 2245 454 2288 eorreos
484 2225 637 2308 acceperit.
675 2222 807 2286 Primum
836 2225 911 2288 enirn
935 2221 1083 2287 difficilius
1106 2235 1136 2288 et
1158 2226 1236 2310 peri-

334 2339 466 2402 culosius
489 2338 632 2402 adversus
655 2337 755 2424 plures
778 2329 927 2425 agitur¹⁰),
951 2358 1039 2424 quarn
1062 2339 1087 2400 si
1109 2336 1237 2402 creditor

334 2474 427 2518 unum
451 2456 481 2518 in
505 2451 633 2517 solidum
652 2453 757 2539 eligere
773 2464 881 2539 potest,
906 2453 1076 2538 praesertim
1093 2475 1159 2517 eum
1175 2475 1236 2518 ere·

335 2567 578 2633 ditorelectione
599 2567 718 2633 alterius
735 2571 933 2654 exceptiones,
957 2590 1031 2655 quas
1047 2567 1120 2632 alter
1135 2565 1233 2645 habet,

335 2687 445 2750 evitare
473 2685 586 2770 possit3
615 2695 678 2747 tum
702 2704 773 2747 vero
798 2704 862 2747 cum
881 2681 992 2768 judicis
1015 2686 1055 2748 sit
1076 2685 1234 2770 inquirere,

335 2803 388 2887 qui
416 2797 560 2864 solvendo
591 2800 666 2890 sint,
698 2796 875 2885 eosdemque
904 2797 1114 2875 condemnare,
1145 2811 1237 2886 prout

335 2913 478 2979 solvendo
501 2917 570 2990 sint,
595 2910 724 2996 accidere
739 2923 849 2996 potest,
873 2924 907 2977 ut
923 2915 949 2976 is
965 2912 1147 2988 absolvatur,
1173 2915 1233 3000 qui,

336 3030 362 3093 si
388 3027 469 3092 bona
497 3028 561 3113 ejus
590 3038 813 3104 excuterentur,
843 3025 968 3092 idoneus
996 3026 1088 3102 soret,
1120 3040 1171 3093 aut
1199 3030 1235 3106 is,

298 3223 301 3228 Δ
336 3146 388 3231 qui
409 3165 510 3207 revera
531 3140 657 3207 idoneus
680 3165 740 3208 non
765 3144 819 3220 sit,
843 3143 981 3208 creditori
1004 3142 1169 3210 damnetur.
1196 3181 1233 3194 -

334 3251 512 3340 Bartolusul
536 3279 573 3324 ne
595 3261 660 3345 ipsa
683 3257 802 3346 quidem
824 3263 968 3344 sententia
991 3260 1068 3325 litem
1093 3258 1237 3326 adfinem

335 3373 457 3461 perduoi
473 3372 605 3450 credidit,
622 3373 747 3461 quodsi
763 3377 829 3463 quis
845 3374 884 3440 ad
898 3375 1100 3444 Haloandrurn
1116 3397 1238 3464 quoque

336 3493 481 3578 pertinere
499 3511 589 3576 posse
604 3502 732 3575 putaret,
756 3501 853 3556 tamen
876 3514 912 3557 ne
930 3493 983 3579 jus
1006 3491 1134 3580 quidem,
1154 3490 1240 3580 quod.

335 3609 377 3671 ita
399 3609 519 3693 accepit,
544 3604 582 3670 ad
604 3626 656 3670 eos
678 3605 831 3685 redeundi,
856 3609 908 3695 qui
931 3605 971 3673 ob
993 3629 1061 3701 rom·
1073 3607 1242 3695 judicatam,

277 3867 299 3936 7)
324 3867 373 3922 eff·
393 3865 463 3937 513·
491 3897 526 3908 ··
553 3867 575 3935 8)
599 3866 648 3922 Cfr·
668 3865 738 3937 515·
750 3867 780 3924 ll·
809 3898 843 3909 -
871 3869 893 3937 9)
916 3870 1057 3943 Vangerow
1074 3867 1120 3925 bl.

278 3964 311 4034 10)
335 3963 444 4039 sauny
460 3962 506 4019 tt.
525 3982 549 4039 p.
562 3963 622 4020 221.
636 3963 697 4019 me.
725 3994 760 4006 -
788 3964 821 4037 ιι)
839 3966 954 4022 nonnus
972 3966 988 4023 t.
999 3966 1018 4022 1.
