2936 4554
667 347 828 448 Qa-

240 527 340 595 ethio
362 527 563 617 accipiendum
588 539 658 606 est,·
677 548 752 614 quas
775 527 834 592 aiio
857 519 969 610 ioeo¹³i
991 527 1155 594 attulimus.
1201 527 1257 594 Hie

240 666 312 710 vero
336 656 487 733 superest,
519 656 553 708 ut
575 643 770 722 disseramus,
801 655 949 732 qnatenus
977 643 1082 731 reliqui
1111 643 1255 710 solvendo

241 781 305 824 esse
328 759 464 836 debeam,
488 772 523 826 ot
544 760 680 846 exceptio
704 759 744 823 sit
765 755 898 838 fundata,
923 781 999 852 quae
1019 763 1165 847 quaestio,
1189 781 1257 824 eum

242 878 341 941 omnia
364 874 478 961 judicia
507 873 604 939 honae
632 872 701 938 fidei
732 877 793 938 sint
813 872 870 940 hae
891 873 1052 940 iustiniani
1075 887 1185 953 aetate,
1215 877 1257 940 ita

242 989 402 1056 decidenda
415 1002 489 1070 ‚est,
519 1001 569 1067 ut,
598 991 629 1054 in
652 1001 923 1078 quantumcumque
946 990 1090 1056 solvendo
1119 988 1255 1069 inissent,

241 1107 272 1169 in
294 1117 410 1171 tantum
432 1107 519 1170 etiam
543 1106 694 1170 conveniri
718 1102 899 1171 debuissent.
934 1103 1010 1170 Nam
1028 1107 1064 1180 si,
1089 1118 1181 1193 prout
1196 1105 1257 1170 sol·

241 1219 339 1285 vendo
356 1231 436 1297 sunt,
459 1218 647 1284 condemnari
663 1217 780 1298 debent,
795 1219 875 1286 bona
891 1217 964 1289 tides
979 1223 1125 1308 exposcit,
1143 1233 1188 1298 ut,
1203 1223 1256 1308 qui

241 1337 320 1422 parti
342 1335 389 1400 vel
412 1337 547 1402 minimae
570 1335 729 1401 solvendae
753 1357 837 1421 pares
856 1339 925 1414 sint,
953 1339 975 1401 ii
998 1339 1084 1402 etiam
1101 1335 1139 1402 ab
1156 1348 1256 1402 actore

242 1472 309 1516 euru
331 1453 434 1516 ceteris
458 1453 681 1516 conveniantur.
718 1451 821 1540 Itaque
842 1451 972 1517 creditor
989 1465 1073 1517 eante
1093 1473 1180 1537 agere
1194 1472 1257 1516 non

242 1565 369 1644 ridetur,
392 1569 450 1632 nisi
466 1588 567 1633 omnes
582 1579 752 1655 praesentes
768 1569 933 1645 conveniat,
956 1566 1148 1655 quamobrem
1161 1567 1257 1653 Impe-

242 1695 325 1748 rator
345 1703 412 1747 eom
433 1685 474 1747 ita
496 1702 612 1771 semper
626 1694 760 1748 acturum
784 1705 848 1749 esse
870 1681 1032 1750 arbitratus
1056 1682 1256 1749 conditionem

243 1799 274 1862 in
303 1794 362 1880 §i
394 1797 475 1863 huno
501 1799 532 1862 in
560 1797 682 1863 modum
716 1801 873 1886 proponit:
910 1797 1026 1882 Quodsi
1055 1811 1180 1887 uterque
1210 1798 1256 1864 rel

242 1933 345 1978 omnes
368 1912 472 1978 iisdem
494 1913 568 1979 loeis
591 1925 820 1980 commorentur.

683 2047 857 2056 —-—--—-—.

309 2119 496 2185 Postremum
519 2116 642 2183 dubium
666 2138 730 2182 esse
750 2139 811 2182 non
827 2129 935 2204 potest,
960 2121 1031 2205 quin
1047 2116 1187 2207 probatio
1203 2137 1256 2182 ex-

243 2237 397 2323 ceptionis,
420 2235 552 2321 reliquos
568 2231 712 2300 solvendo
734 2246 764 2299 et
778 2245 947 2320 praesentes
963 2255 1037 2310 esse,
1053 2232 1092 2298 ad
1106 2253 1174 2298 reos
1191 2253 1258 2319 per·

243 2353 343 2430 timeat,
364 2360 456 2437 atque
480 2370 546 2414 oum
569 2352 704 2436 exceptio
728 2348 766 2414 ab
789 2351 826 2414 iis
848 2348 1005 2436 probanda
1021 2351 1069 2427 sit,
1093 2369 1171 2413 onus
1186 2367 1258 2434 pro-

193 2464 333 2543 “pandt
361 2467 462 2540 etiam,
492 2461 576 2550 quod
603 2463 642 2528 ad
670 2466 814 2529 actionem
843 2463 967 2530 divisam
994 2467 1113 2540 attinet,
1144 2461 1182 2527 ad
1204 2483 1257 2527 eos

243 2571 408 2664 speetat¹⁴).
443 2575 531 2642 Nulia
554 2579 630 2641 enim
648 2599 736 2642 cansa
752 2577 845 2656 adest,
869 2579 909 2644 ob
927 2601 1014 2668 qnam
1036 2590 1113 2644 reete
1131 2576 1255 2653 dieatur,
1334 2621 1338 2628 -

240 2693 369 2780 judicem
393 2714 431 2757 ex
455 2691 553 2756 oiiioio
570 2692 757 2781 singulorum
776 2692 929 2760 iaettltates
944 2696 1125 2782 perscrutari
1140 2690 1255 2769 dehere,
1338 2705 1348 2742 -'

244 2831 335 2897 quare
359 2807 521 2876 secuudum
542 2809 659 2898 regulas
681 2809 869 2898 probationis
893 2829 1062 2876 oornmunes
1085 2829 1120 2874 ea
1137 2818 1258 2873 eontro·

245 2928 342 2992 versia
364 2923 518 2992 tractanda
539 2936 594 2990 est.

707 3081 795 3168 §tt

243 3215 289 3284 ili.
312 3216 402 3283 Num
425 3229 627 3305 praecepta
649 3215 833 3282 Novelloe
855 3216 901 3284 ad
919 3237 1071 3282 corneos
1094 3227 1255 3292 tentum,

245 3337 307 3421 qui
343 3333 602 3420 stipulatione
637 3331 798 3422 obligati
832 3345 934 3410 sunt,
969 3355 1012 3397 an
1047 3344 1083 3398 et
1116 3331 1159 3396 ad
1193 3351 1255 3396 eos

244 3451 474 3536 pertineant,
498 3452 712 3536 quaeritur,
738 3451 799 3537 qui
819 3470 864 3514 ex
885 3462 994 3537 paeto
1019 3461 1054 3514 et
1072 3469 1115 3514 ex
1139 3457 1258 3511 testa·

587 3578 708 3630 mento
731 3577 915 3631 tenentur.

312 3698 530 3789 Ostendimus¹)
553 3704 706 3773 Noveiiem
734 3706 772 3771 ad
795 3729 847 3773 eos
870 3728 989 3773 corneos
1012 3707 1174 3795 pertinere,
1204 3703 1257 3790 qui

212 3905 216 3914 .
244 3821 415 3910 stipulando
445 3834 475 3887 et
500 3822 701 3910 promittendo
731 3845 850 3888 correns
880 3845 911 3889 se
942 3823 1164 3898 constituerint3
1194 3819 1256 3906 jam

298 3977 332 4044 ¹⁸)
358 3976 408 4032 Cir.
426 3977 485 4031 diss.
503 3995 538 4031 m.
555 3975 572 4031 L
591 3976 605 4047 §
617 3975 660 4033 38.
673 3977 717 4032 40.
729 3977 773 4033 42.
786 3977 828 4033 52.
841 3978 884 4032 54.

298 4064 332 4136 ¹⁴)
356 4063 588 4122 transmittetur
603 4063 620 4120 l.
631 4064 649 4120 l.
667 4083 691 4137 p.
704 4065 765 4122 445.
793 4065 843 4122 etr.
857 4082 929 4137 supra
944 4063 1013 4136 §39-
1034 4094 1067 4106 —
1087 4064 1108 4133 ¹)
1122 4063 1172 4119 cta.
1186 4061 1206 4134 ξ·
1212 4059 1256 4117 30.
