2952 4556
611 329 770 432 „cr-

180 512 280 600 plnres
304 513 335 576 in
358 510 486 577 solidum
509 533 540 575 se
563 512 656 575 teneri
679 509 751 574 velle
774 509 898 597 polliciti
921 522 1006 586 sunt,
1032 513 1193 598 quaeritur,

182 628 277 715 qualis
300 649 402 692 eorum
426 629 465 690 sit
487 624 639 713 obligatio.
673 624 752 690 Ante
768 624 845 689 Nor.
862 623 885 690 4
900 647 966 690 cum
988 626 1116 691 creditor
1126 627 1196 712 jure

182 742 331 808 electionis
355 741 516 818 imeretur,
541 764 604 806 eam
628 739 838 828 obligationem
867 764 923 828 pro
948 742 1070 807 correali
1093 741 1196 807 baberi

182 857 354 946 oportebat,
384 870 455 944 post
482 855 599 923 Nor.4
629 869 726 922 autem
753 857 842 922 latam
874 854 987 939 (mach
1017 857 1069 922 der
1096 881 1198 922 trecen

181 969 542 1062 Batrpaclccstetbeorie«)
565 973 649 1038 aliter
670 995 717 1038 res
740 995 772 1038 se
795 973 910 1038 habuit.
950 973 1096 1057 Quoniam
1120 977 1197 1039 enim

181 1111 254 1156 voce
271 1092 320 1155 »in
336 1089 484 1156 solidum«
500 1101 597 1154 totum
612 1087 744 1154 debitum
761 1088 896 1175 partibus
913 1088 1004 1156 debiti
1023 1092 1195 1177 opponitur,
1294 1153 1297 1156 .

182 1206 235 1271 sed
249 1218 350 1272 utrum
367 1206 516 1272 debitores
532 1205 741 1293 principaliter,
759 1228 797 1269 an
809 1208 969 1271 accessorio
983 1227 1084 1271 omnes
1098 1219 1197 1293 partes

183 1320 318 1398 debeant,
341 1344 403 1388 non
425 1324 611 1409 exprimitur,
636 1333 760 1409 propter
774 1303 853 1386 Nor.
870 1320 893 1387 4
908 1325 1042 1410 quaestio
1060 1317 1126 1387 brta
1142 1334 1196 1399 est,

182 1448 283 1502 utrum
305 1440 504 1525 promissione
527 1437 614 1502 solidi
639 1436 781 1524 obligatio
806 1437 942 1502 correalis
965 1450 1135 1524 pareretur,
1160 1460 1198 1503 an

184 1551 333 1617 debitores
355 1575 412 1640 pro
428 1565 513 1639 parte
528 1552 606 1617 virili
626 1551 836 1639 principaliter,
860 1574 916 1640 pro
932 1553 1069 1641 partibus
1085 1565 1198 1618 cetero·

183 1689 249 1734 rum
265 1680 362 1732 autem
378 1680 412 1733 ut
421 1667 612 1754 fidejussores
624 1670 720 1732 mutui
736 1680 914 1745 tenerentur,
933 1669 1017 1756 quod
1032 1668 1088 1733 sibi
1104 1671 1198 1756 magis

182 1783 330 1871 placuisse
344 1783 530 1849 Justinianus
546 1782 624 1849 Nor.
642 1781 684 1849 99
700 1783 760 1848 lata
775 1783 915 1850 ostendit.
936 1821 971 1834 -
990 1785 1091 1872 ltaque
1104 1784 1199 1849 lusti·
1310 1783 1314 1790 ’

183 1901 291 1964 nianus
307 1903 470 1978 constituit,
488 1913 532 1978 ut,
549 1903 574 1964 si
589 1900 689 1987 plures
706 1899 837 1965 debitum
853 1899 1008 1966 dividuum
1025 1900 1112 1965 simul
1127 1921 1199 1965 con·
1256 1895 1257 1903 '

65 2064 74 2080 a
184 2019 329 2081 traxerint
351 2029 381 2082 et
403 2039 541 2104 expresse
564 2016 733 2104 adjecerint,
757 2021 788 2082 in
813 2016 939 2082 solidum
957 2039 988 2082 sc
1004 2017 1078 2082 velle
1094 2018 1196 2095 teneri,

184 2134 354 2219 accipiatur,
370 2131 591 2220 fidejussionem
607 2136 693 2198 istam
709 2146 843 2199 mutuam
858 2137 958 2198 initam
976 2155 1050 2210 esse,
1067 2134 1114 2197 sin
1125 2154 1197 2197 vcro

184 2247 215 2312 id
230 2271 292 2313 non
307 2248 475 2336 adjecerint,
500 2248 536 2314 de
552 2271 586 2314 ca
602 2252 726 2337 cogitari
742 2272 803 2315 non
818 2271 918 2336 posse,
942 2248 1135 2336 quamobrem
1151 2249 1200 2313 hic

185 2364 346 2429 secundum
368 2363 586 2430 Burcbardium
610 2387 695 2430 casus
718 2365 839 2430 camnis
862 2364 1030 2430 includatur
1053 2376 1183 2452 oportet.

251 2480 382 2546 Primum
405 2474 524 2562 Licbc³l
552 2495 582 2546 ct
605 2474 791 2564 Girtanner⁴)
815 2504 923 2546 noram
945 2481 1147 2569 fidejussionis
1170 2491 1200 2545 et

183 2599 392 2684 promissionis
421 2597 508 2662 solidi
538 2596 701 2663 doctrinam
732 2621 750 2662 a
772 2597 958 2662 Burchardio
981 2600 1131 2662 inventam
1152 2618 1200 2661 re·

184 2710 320 2779 fumrunt
350 2713 548 2800 exponentes,
578 2717 807 2802 promissionem
835 2714 925 2778 solidi
946 2713 1137 2802 principalem
1161 2734 1200 2777 ex

185 2832 330 2894 sententia
344 2828 520 2894 Bnrchardii
534 2831 568 2894 in
575 2828 728 2917 fraudem
743 2827 821 2894 Nov.
837 2827 859 2893 4
880 2829 953 2905 lieri,
977 2833 1018 2893 ita
1032 2841 1068 2893 ut
1081 2849 1200 2894 necesse

186 2957 273 3021 esset,
289 2956 324 3008 ut
334 2929 520 3008 lastinianus
535 2957 587 3008 aut
599 2947 629 3008 in
641 2943 719 3009 Nor.
734 2941 765 3020 4,
783 2947 880 3008 autin
896 2943 974 3008 Nor.
988 2941 1030 3008 99
1047 2943 1198 3020 edixisset,

185 3072 221 3123 ut
243 3081 259 3124 a
271 3058 371 3144 judice
392 3059 599 3146 inquirendum
624 3072 710 3136 esset,
735 3071 835 3124 utrum
858 3061 889 3123 in
904 3060 1103 3144 promissione
1117 3059 1201 3146 prin·

186 3173 271 3261 cipali
287 3197 405 3239 reorum
421 3174 607 3262 singulorum
618 3176 771 3260 fidejussio
784 3173 919 3240 obvelata
927 3168 950 3254 ⁵)
964 3177 1081 3252 inesset,
1098 3195 1199 3240 necne.

187 3289 278 3374 Quod
304 3312 399 3379 neque
427 3290 525 3358 verbis
548 3290 626 3358 Nor.
643 3290 686 3358 99
716 3294 859 3358 contineri
888 3293 1074 3370 existimant,
1104 3312 1200 3380 neque

189 3403 402 3415 -ι--ι--ι

239 3447 262 3516 ⁸)
285 3447 358 3502 Liebe
375 3446 420 3501 tl.
439 3465 463 3519 p.
476 3447 537 3502 217.
556 3457 607 3502 not.
622 3449 645 3501 1.
673 3477 708 3487 —
733 3447 755 3515 ⁴)
780 3447 908 3502 Girtanner
924 3446 941 3501 l.
953 3446 971 3502 l.
989 3465 1014 3520 p.
1029 3447 1088 3502 129.

239 3543 261 3612 ⁶)
284 3545 419 3600 burchardi
439 3544 486 3599 l.l.
505 3564 529 3618 p.
542 3546 585 3600 57.
604 3545 669 3600 Nor.
684 3545 727 3600 99.
749 3563 770 3599 e.
782 3545 801 3600 l.
825 3564 862 3617 pr.
881 3546 960 3600 verb:
984 3545 1092 3600 ἕκαστον
1115 3547 1153 3605 etc
1172 3539 1201 3599 rd

187 3643 283 3697 elacior
293 3645 376 3720 μέρος
386 3647 438 3698 xri.
458 3645 492 3698 sic
510 3642 646 3698 transtulit:
664 3643 746 3713 »jeder
763 3643 805 3696 llic
820 3645 902 3698 sciren
913 3645 1010 3716 cigcnen
1022 3641 1128 3707 Antheil
1147 3658 1201 3694 was

186 3738 259 3794 ihnen
281 3739 327 3794 aui
344 3742 504 3814 gegenscitige
522 3741 687 3814 Verbtingrmg
709 3739 815 3813 gelichen
838 3741 941 3796 worden
962 3743 1006 3807 ist,
1029 3739 1072 3794 fiir
1093 3737 1202 3792 walchen

187 3835 260 3891 Tbeil
273 3839 307 3892 sie
319 3837 365 3892 aul
375 3839 448 3908 jeden
459 3838 512 3893 Fall
523 3837 719 3894 verantwortlicb
736 3839 868 3911 geworden
880 3839 934 3892 sind
946 3847 1014 3892 cett«
1041 3838 1108 3900 Quae
1120 3836 1201 3890 versio

188 3949 337 4007 quamquam
354 3943 407 3989 rata
424 3935 565 3992 haberium
578 3945 666 4010 potest,
682 3943 765 3991 ‘mmen
777 3937 836 3992 satis
849 3935 1005 4002 demonstrat,
1023 3932 1202 3990 Burclaardium

189 4031 225 4086 aie
244 4033 357 4098 sensisse,
376 4033 412 4087 uti
430 4032 566 4089 retulimus.

988 4128 1029 4186 5}
