2936 4554
713 325 874 426 joo-

287 521 317 574 et
338 508 486 596 Adjectivi
511 503 747 593 (ἅλληλεγγύως
767 547 802 559 -
821 490 1047 589 doecddvoor)
1070 509 1216 574 rationem
1239 531 1300 574 nou

286 623 407 690 habeut.
434 625 612 712 Priusquam
636 636 734 689 antem
754 621 793 687 ad
811 623 875 709 ejus
897 623 1114 709 conjunctionis
1129 627 1188 690 vim
1211 637 1241 690 et
1260 622 1303 690 el-

286 738 393 806 lectum
416 739 640 807 describendum
663 741 833 816 transimus,
857 737 894 804 do
914 761 987 804 voco
1009 736 1238 815 »ὕπεύθυνοςι
1258 738 1303 804 al·

286 855 438 922 serendum
462 869 521 934 cst,
551 856 583 921 id
606 856 794 943 Adjectirum
817 877 832 918 e
854 853 955 920 Verbo
978 846 1181 922 succedero
1203 854 1276 921 coni
1288 892 1302 906 ·

287 985 366 1037 ctum
382 995 460 1049 esse,
490 985 520 1037 ot
542 994 607 1037 cnm
630 968 831 1038 turesino
844 970 932 1049 idem,
956 972 1040 1058 quod
1056 993 1159 1037 »reum
1176 971 1299 1049 lacere«,

287 1087 440 1176 significet,
464 1109 550 1153 nemo
571 1099 661 1165 vetat,
685 1109 722 1152 ue
743 1087 773 1151 id
790 1085 937 1153 vocabulo
952 1087 1060 1152 Latino
1080 1111 1189 1154 »reuss
1204 1100 1302 1153 trans·

287 1201 423 1268 ieramus.
460 1203 558 1269 Porro
586 1225 651 1269 cum
675 1202 918 1281 Substantirnm,
947 1202 985 1268 ad
1006 1202 1091 1291 quod
1111 1203 1301 1290 Adjcctirum

287 1331 423 1384 nostrum
453 1322 551 1408 possit
582 1318 700 1398 referri,
736 1311 868 1402 doesso¹l
897 1320 1023 1407 liqueat,
1051 1319 1240 1408 Adjectirum
1272 1322 1300 1383 vi

287 1431 476 1501 Substantivi
500 1433 557 1500 irui
584 1447 711 1502 constat.

352 1549 445 1617 Notio
465 1549 609 1617 Adverbii
631 1555 663 1616 in
686 1553 817 1616 omnium
841 1553 996 1617 nationum
1019 1551 1128 1640 linguis
1151 1551 1223 1616 haec
1245 1563 1299 1629 cst,

286 1679 322 1732 ut
335 1666 487 1732 Adverbio
511 1667 587 1733 »den
608 1667 722 1755 Bcgriil
741 1671 820 1733 eines
843 1665 954 1732 anderu
978 1666 1070 1732 demit
1090 1665 1301 1733 verbundeneu

286 1783 413 1849 Wortes
429 1777 543 1864 (Verbi,
560 1779 727 1870 Adjectivs)
750 1781 803 1847 iiir
824 1781 882 1847 deu
897 1783 1149 1849 vorkommeodeu
1165 1783 1229 1848 Fall
1249 1805 1302 1871 ge-

287 1920 379 1964 uaner
393 1891 632 1980 bestimmen⁸)«,
656 1911 717 1976 aut,
739 1910 774 1963 ut
791 1891 911 1981 alium⁴l
931 1920 1051 1987 quoque
1067 1903 1138 1964 artis
1156 1921 1302 1988 gramm·

286 2018 360 2079 ticae
389 2028 537 2080 auctorem
561 2027 720 2103 patronum
742 2014 791 2080 hie
812 2015 1025 2092 adsciscamus,
1055 2028 1091 2081 nt
1116 2015 1300 2081 Advorbium

288 2130 387 2196 »blois
415 2153 471 2197 zur
498 2132 627 2197 nibereu
648 2130 853 2221 Bestimmuug
880 2133 960 2197 einer
981 2129 1206 2219 Beschreibnug
1233 2128 1301 2213 (bei

288 2249 380 2312 ciuem
395 2244 570 2337 Adjectivo)
595 2247 668 2313 oder
690 2251 770 2312 einer
789 2246 926 2334 Anssage
949 2244 1016 2324 (bei
1039 2249 1131 2312 ciuem
1154 2241 1301 2328 Verbum)

288 2360 399 2426 dicut«.
428 2362 590 2449 Praecipue
611 2375 710 2428 autem
724 2360 875 2428 Aduerbio
891 2360 1002 2427 Graeca
1022 2365 1053 2428 in
1076 2360 1218 2449 syllabam
1233 2381 1302 2437 -ως

164 2513 170 2538 ·,
288 2472 401 2557 (awios
416 2515 452 2530 -
473 2475 568 2559 mc«)
590 2489 732 2542 exeuntes
747 2476 945 2543 modalitatem
963 2471 1170 2566 exprimuut⁸).
1198 2478 1301 2565 ltaque

287 2594 441 2656 notionem
461 2615 523 2659 nou
543 2591 655 2659 habent
669 2596 790 2681 propriu
807 2596 837 2659 vi
857 2606 1050 2672 constantem,
1075 2593 1127 2658 sed
1142 2591 1300 2667 declamat,
1340 2667 1344 2673 ,
1458 2577 1459 2618 l

288 2727 364 2794 quae
392 2711 464 2774 insit
485 2709 651 2775 modolitos
679 2710 836 2793 eiombo,
868 2711 919 2775 coi
940 2710 1167 2797 csbuoycotor,
1197 2711 1238 2772 ita
1266 2719 1302 2773 ut

286 2823 443 2890 modalitas
466 2827 597 2910 interno,
621 2848 683 2891 uon
707 2807 836 2892 entemsa¹
852 2829 900 2891 sit.

355 2940 389 3006 Si
412 2941 595 3008 Aduerbinm
618 2942 657 3008 ad
674 2941 807 3007 Verbum
835 2935 932 3025 λάβοι
953 2941 1135 3018 traheretur,
1164 2940 1195 3005 id
1217 2939 1302 3028 quod

286 3058 404 3137 regulae
427 3061 632 3146 grammaticae
647 3050 863 3145 permittunt‘),
886 3078 941 3144 per
957 3079 1058 3122 rocem
1077 3053 1304 3141 ἂλληλεγγύως

287 3173 324 3237 de
348 3172 490 3259 Subjecto
514 3171 606 3237 Verbi
630 3172 660 3236 b.
677 3195 701 3236 c.
725 3173 761 3237 de
784 3171 928 3238 creditore
951 3171 1180 3260 praedicaretur.
1218 3171 1303 3255 Quae

287 3308 358 3352 vero
382 3287 550 3371 conjunctio
574 3289 641 3373 ipso
671 3309 761 3352 seusu
785 3287 978 3375 prohibetur,
1009 3291 1151 3376 quoniam
1173 3287 1304 3352 creditor

286 3423 382 3488 neque
404 3403 537 3479 invicem,
561 3423 657 3489 neque
681 3405 712 3466 in
734 3405 905 3468 uuiversum
929 3402 1081 3469 obnoxius
1105 3425 1168 3470 esse
1190 3413 1301 3490 potest.

286 3515 499 3528 ———··-—

282 3565 415 3635 junctionis
438 3567 489 3619 vim
516 3567 537 3619 si
558 3567 696 3637 suspicatus
717 3568 761 3633 sit,
788 3566 949 3623 insulsissime
976 3577 1056 3623 nmen
1080 3566 1215 3622 transtulit:
1242 3566 1308 3620 »aul

286 3661 462 3736 wecbselseitig
479 3663 529 3717 sich
547 3664 711 3737 verbiirgende
728 3665 814 3720 Weiss
833 3665 1032 3739 anzulslagende.«

339 3760 361 3830 ²)
385 3761 423 3815 Ne
436 3763 491 3832 quis
503 3762 605 3832 objiciat,
623 3765 728 3823 »nocis«
740 3763 891 3818 substantivi
908 3762 961 3817 loco
980 3781 1040 3830 esse,
1060 3763 1127 3834 quod
1143 3779 1192 3817 noo
1204 3763 1304 3836 ignora·

285 3875 350 3924 mus,
370 3859 421 3924 sed,
440 3860 507 3930 quod
518 3861 543 3912 in
559 3869 629 3914 textu
642 3861 757 3928 diximus,
769 3860 923 3915 nihilosecius
936 3879 1023 3915 verum
1032 3878 1093 3927 esse,
1110 3861 1199 3914 nemini
1210 3859 1304 3915 latebit.

339 3955 361 4024 8)
380 3957 495 4013 Matthiae
506 3957 523 4011 l.
532 3957 549 4012 l.
562 3957 577 4028 ξ
589 3956 649 4012 263.
662 3956 687 4012 2.
697 3959 772 4013 dum.
785 3976 809 4030 p.
823 3959 882 4014 691.
897 3989 930 3999 —
943 3959 965 4030 ⁴)
978 3958 1131 4033 Madvigii
1145 3957 1213 4029 §24
1226 3975 1264 4012 ur.
1275 3959 1303 4014 5.

339 4053 361 4122 ὓ)
385 4055 498 4111 Matthias
516 4055 533 4111 1.
545 4055 562 4109 l.
580 4073 605 4126 p.
618 4055 678 4110 679.
707 4087 741 4097 -
768 4057 790 4124 ⁶)
814 4057 929 4112 Matthiae
946 4057 962 4111 l.
975 4056 992 4110 l.
