2936 4554
591 321 753 422 ..45⁹-

231 505 283 570 tx.
308 502 399 586 Quod
416 503 454 570 ad
477 502 542 588 §2
567 525 631 591 cap.
647 502 669 567 1.
693 500 771 567 Nov.
789 498 832 568 99
848 505 962 581 attinet,
986 503 1180 592 paraphrasis

165 622 230 708 ejus
252 643 270 685 a
291 614 463 702 Planclrio⁸)
488 622 655 707 conscripta
677 621 861 707 inspiciatur.

630 794 719 880 §aa

165 933 196 999 2.
234 931 466 998 Beneficium
495 930 675 997 Novellae
711 928 939 996 beneficium
971 953 1052 998 esse
1082 930 1180 996 divi·

165 1053 290 1114 sionis
313 1071 378 1114 seu
401 1048 599 1137 Epistulae
622 1047 658 1111 l).
675 1045 858 1111 Hadriani
883 1045 1111 1113 ostenditur.
1141 1085 1176 1095 -

165 1160 204 1248 a)
247 1165 296 1230 Do
335 1167 483 1229 actione
522 1163 669 1226 divisim
707 1161 947 1226 instituenda
985 1175 1099 1250 atque
1138 1161 1181 1228 de

310 1281 534 1366 exceptione
562 1276 759 1364 Epistulae
788 1276 1033 1343 D.Hadriani.

230 1428 409 1494 Beneficium
433 1428 599 1505 divisionis,
625 1427 710 1514 quale
733 1429 764 1492 in
782 1426 838 1491 alia
853 1440 957 1493 nostra
974 1428 1181 1494 dissertatione

165 1545 394 1634 explicavimus,
421 1543 590 1608 iustiniano
614 1546 776 1630 imperante
799 1564 863 1607 eam
885 1542 1014 1608 indolem
1037 1539 1179 1625 habuit¹),

165 1676 201 1728 ut
229 1661 357 1728 creditor
379 1659 511 1727 debitum
539 1671 592 1723 ant
619 1670 733 1746 partem
762 1655 869 1735 debiti,
901 1679 989 1745 quam
1020 1672 1180 1725 exacturus

166 1791 225 1855 est,
255 1776 291 1842 ab
321 1779 372 1853 iis,
403 1777 455 1863 qui
484 1775 769 1840 litiscontestatiouis
797 1787 932 1862 tempore
960 1774 1123 1862 locupletes
1152 1788 1182 1840 ct

165 1905 334 1983 praesentes
358 1903 438 1968 sunt,
462 1912 523 1955 una
545 1889 689 1956 adversus
713 1912 815 1956 omnes
837 1893 869 1954 in
892 1890 1021 1955 solidum
1044 1894 1181 1956 instituta

165 2013 281 2076 actione
295 2020 386 2096 petat,
411 2018 440 2071 et
449 2005 556 2092 judex,
581 2006 766 2094 singulorum
783 2004 973 2072 facultatibus
995 2010 1178 2084 examinatis,

166 2148 227 2203 eos,
251 2137 345 2213 prout
366 2121 467 2187 idonei
489 2124 546 2186 visi
570 2124 644 2199 siut,
669 2135 722 2188 aut
744 2144 799 2209 pro
823 2119 958 2187 virilibus
982 2135 1035 2188 aut
1056 2144 1112 2210 pro
1136 2122 1182 2187 di·

165 2244 259 2309 versis
282 2239 418 2328 partibus
441 2251 493 2303 aut
522 2241 553 2302 in
577 2236 705 2302 solidum
729 2236 913 2304 condemnet.
941 2275 977 2286 -
1003 2236 1181 2303 Beneficium

166 2357 306 2424 Novellae
328 2357 420 2444 igitur
434 2353 616 2420 beneficium.
632 2353 788 2419 divisionis
812 2375 876 2419 csse
892 2353 1102 2420 contendentes
1119 2357 1181 2442 pri·

165 2495 247 2538 mum
269 2492 460 2538 communem
483 2473 620 2536 onmium
642 2471 872 2535 conventionem
894 2469 931 2534 ab
947 2470 1127 2558 Imperatore
1150 2472 1181 2534 iu

165 2588 290 2655 Novella
318 2599 460 2652 statutam
487 2607 551 2652 esse
580 2584 858 2652 demonstrabimus.
904 2585 1097 2653 Probationis
1120 2607 1182 2650 ma·

166 2708 240 2771 teria
263 2725 329 2768 cum
351 2705 540 2789 potissimum
564 2723 579 2766 e
603 2699 621 2784 ἓ
640 2700 668 2778 1,
692 2701 800 2766 collata
823 2723 889 2766 curn
906 2705 1053 2788 principio
1078 2723 1142 2789 cap.
1158 2702 1179 2778 l,

167 2817 294 2885 anobis
322 2818 494 2892 hauriatur,
525 2815 574 2878 hic
599 2817 716 2880 interim
739 2818 768 2878 io
792 2819 964 2880 universum
988 2837 1182 2903 praemonen-

167 2934 237 3000 dum
261 2945 315 3011 est,
338 2933 485 3021 principio
504 2931 575 3016 jura
590 2933 719 3017 partium
743 2931 892 3018 explicari,
917 2928 992 3014 §1⁸
1011 2931 1181 2996 mandatnm

162 3049 258 3137 judici
280 3049 444 3136 injunctum
469 3049 627 3124 contineri,
652 3045 901 3134 quemadmodum
918 3067 1036 3110 causam
1056 3058 1182 3112 tractare

168 3164 287 3243 debeat,
311 3161 387 3247 §2⁵
409 3161 500 3240 edici,
531 3161 684 3250 quomodo
708 3165 750 3228 rei
773 3165 803 3227 in
825 3163 877 3248 jus
901 3161 1026 3226 vocandi
1051 3165 1128 3239 sint,
1156 3166 1182 3227 si

167 3279 244 3347 sorte
262 3279 359 3365 judex
382 3282 422 3344 sit
444 3277 605 3366 delegatus.
651 3276 721 3344 Non
745 3290 889 3356 verentes,
913 3280 1041 3367 nequis
1065 3290 1183 3344 contra·

168 3396 302 3462 dicturus
325 3397 465 3473 exsistat,
490 3393 643 3481 adjicimus
666 3397 844 3482 permissum
867 3415 946 3472 esse,
972 3406 1006 3459 ut
1029 3392 1047 3479 ἓ
1066 3391 1081 3460 1
1100 3407 1130 3460 et
1150 3394 1180 3472 2,

167 3534 242 3601 quas
266 3511 305 3576 ad
326 3511 424 3577 solum
447 3509 609 3576 secundum
626 3510 767 3576 Novellae
781 3523 970 3599 praeceptum
986 3513 1064 3579 inter
1080 3531 1182 3577 omnes

168 3641 283 3694 constet
305 3630 466 3716 pertinere,
492 3648 557 3692 cum
580 3629 726 3715 principio
750 3649 953 3716 comparemus
977 3640 1015 3706 et,
1039 3630 1096 3693 nisi
1119 3630 1183 3714 ipse

168 3765 273 3811 sensus
297 3741 507 3832 impedimento
531 3746 579 3821 sit,
604 3742 694 3808 libere
717 3745 942 3832 conjungamus,
967 3743 1050 3830 quod
1072 3742 1183 3807 hueus-

222 3898 245 3966 ὗ)
267 3898 358 3953 Planclr
374 3898 391 3952 l.
404 3898 420 3954 l.
438 3918 463 3972 p.
478 3900 537 3954 111.
555 3897 613 3953 112.

224 3987 246 4055 ¹)
270 3985 320 4042 Cir.
339 3987 398 4046 dies.
416 4005 470 4048 mea
487 3987 552 4044 laud.
572 3984 721 4058 §48-54.
