2936 4554
661 257 821 362 „Aac

233 445 285 530 qni
315 443 374 506 vim
396 439 504 506 Futnri
532 441 628 506 exacti
650 437 749 504 Latini
777 459 850 525 prae
876 459 908 503 se
936 435 1026 517 serat,
1057 439 1250 528 quamohrem

234 560 414 621 »annimmtt
437 569 468 620 et
490 555 548 620 »da
571 557 670 620 scien·
694 565 799 619 auctor
820 566 923 620 noster
943 577 1006 620 non
1027 559 1099 621 satis
1115 569 1249 634 accurate

232 675 360 760 scripsit.
398 671 512 736 Deinde
526 670 690 758 Imperator
705 669 787 734 ilium
808 691 918 748 casum,
940 673 991 735 »in
1007 671 1149 738 welchem
1164 673 1249 738 hcine

232 787 443 865 verbanden«,
473 790 594 852 omnino
622 809 684 852 non
713 789 884 874 proposuit.
930 784 985 851 Ait
1012 790 1104 853 enim:
1139 810 1249 855 »weun

232 904 315 970 nieht
335 902 533 992 hinzngeiugt
555 904 618 968 sein
641 902 742 978 sollte,
772 901 837 967 dass
860 901 937 966 auch
960 905 1041 968 einer
1063 925 1125 968 von
1148 903 1249 970 diesen
1272 890 1279 927 '¹

231 1024 263 1085 in
286 1019 416 1085 solidum
438 1017 540 1084 hasten
562 1018 662 1094 solie«
686 1021 729 1082 ita
750 1031 786 1082 nt
806 1021 1006 1106 promissione
1029 1040 1170 1106 expressa
1193 1041 1250 1108 po·

232 1137 341 1202 stuiata
363 1157 426 1200 non
448 1157 516 1200 enm
539 1155 639 1198 casum
662 1133 815 1221 significet,
841 1137 872 1199 in
896 1155 956 1221 quo
981 1137 1075 1200 correi
1098 1156 1160 1200 non
1178 1139 1247 1214 sint,

232 1252 285 1317 sed
312 1255 343 1316 in
375 1273 436 1339 quo
467 1253 562 1315 correi
591 1247 718 1314 debendi
750 1271 807 1336 pro
838 1250 907 1336 jure
936 1253 1029 1316 veteri
1059 1253 1153 1315 correi
1182 1254 1249 1339 qui·

232 1367 298 1433 dem
321 1389 385 1434 esse
407 1378 607 1456 permaneant,
631 1378 729 1431 umen
752 1387 790 1430 ex
813 1365 869 1431 hae
890 1366 955 1453 lege
970 1388 1050 1431 nova
1064 1387 1121 1452 pro
1138 1370 1247 1432 corneis

231 1482 360 1548 habendi
382 1505 444 1549 non
466 1486 535 1548 sint.
574 1481 611 1548 de
627 1481 800 1569 Vangerow
822 1484 900 1546 enim
918 1467 1145 1569 dispositionem
1160 1482 1250 1569 legis·

230 1600 318 1666 latori
342 1613 442 1687 aperte
466 1597 568 1664 salsam
591 1596 720 1683 subjicit,
745 1599 796 1684 qui
820 1618 882 1662 non
905 1597 1029 1663 dixeritr
1053 1620 1107 1663 »so
1131 1599 1199 1663 sind
1217 1621 1248 1664 cs

230 1717 315 1782 hcine
339 1713 647 1790 Correalsehuidnen«
670 1712 724 1777 sed
745 1714 984 1801 praescripserit:
1010 1735 1065 1778 »so
1089 1714 1183 1779 solien
1205 1719 1249 1780 sie

232 1832 314 1896 nicht
328 1832 371 1896 ais
388 1829 680 1905 Corrcalschnldncr,
705 1828 835 1894 sondern
851 1830 893 1894 als
910 1827 1077 1906 Schuldner
1092 1852 1148 1918 pro
1164 1843 1248 1918 parte

231 1948 395 2014 behoodelt
408 1946 554 2012 werden«
594 1944 793 2030 Quamobrem
817 1958 967 2011 auctorem
990 1957 1127 2012 nostrum
1150 1947 1249 2012 thesin

231 2087 297 2130 cum
320 2062 482 2153 hypothesi
506 2061 676 2129 confudisse
699 2063 801 2150 liquet.

297 2179 389 2245 Aliud
413 2173 625 2268 Vangerovii')
648 2189 854 2267 argumentum
879 2175 967 2242 »dass
990 2199 1058 2242 man
1081 2177 1164 2244 nieht
1186 2181 1249 2244 ein·

231 2295 317 2370 sieht,
343 2293 475 2360 weshaib
498 2316 554 2359 zur
576 2293 780 2382 Begriindung
803 2296 883 2359 einer
899 2291 1115 2360 Correal-Obl.
1139 2293 1248 2383 genade

230 2415 333 2475 immcr
355 2409 409 2475 der
424 2408 581 2475 Gehrauoh
605 2407 657 2474 der
671 2409 782 2474 Worte
805 2411 855 2474 »in
879 2409 1028 2476 solidum«
1043 2411 1160 2498 nuthig,
1185 2410 1247 2476 und

230 2525 408 2591 namentlich
431 2523 478 2590 die
501 2546 535 2589 so
552 2523 681 2589 iiuiscrst
693 2522 881 2610 spreehende
895 2524 1002 2609 Ferro,
1027 2526 1139 2594 welche
1153 2525 1249 2592 tusu-

229 2644 300 2706 nian
329 2639 422 2706 selbot
449 2643 480 2705 in
509 2640 566 2706 den
588 2639 795 2706 Institutionen
820 2640 940 2729 ought,
969 2643 1053 2708 nicht
1074 2642 1158 2708 mehr
1181 2643 1247 2708 hin-

230 2757 369 2824 reichend
395 2759 458 2823 scin
481 2757 563 2836 soll‚«
585 2759 658 2845 ipsis
681 2756 842 2823 iustiniani
865 2757 962 2823 verbis
986 2757 1115 2825 refutare
1136 2781 1247 2847 possu-

230 2897 305 2954 mus,
331 2877 383 2964 qni
406 2874 568 2940 secundum
590 2851 781 2961 praeceptum
804 2873 851 2938 his
875 2873 973 2939 verbis
996 2876 1134 2963 incipiat:

343 2990 393 3054 »ci
413 2971 452 3057 'att
474 2995 529 3056 nai
552 3013 589 3056 τι
611 2989 773 3056 τοιοῦτο
796 2993 1019 3078 προςτεθείηᾼ

296 3109 440 3196 Denique,
465 3129 540 3196 quae
556 3110 596 3172 sit
611 3109 780 3193 conjunctio
797 3121 1033 3196 praeceptorum,
1045 3110 1108 3196 jam
1127 3111 1247 3196 saepius
1293 3185 1297 3190 .

230 3216 466 3313 explicuimus⁸).
499 3221 626 3289 Constat
641 3225 792 3287 notionem
809 3219 1059 3304 oeristetten,
1078 3229 1175 3291 mutui
1194 3225 1248 3290 da·

231 3345 350 3416 tionem,
374 3338 656 3426 stipulationcmque
678 3341 797 3427 utrique
820 3362 1003 3408 communem
1027 3363 1106 3420 esse,
1130 3354 1248 3407 constat

229 3469 389 3542 utrumque
413 3475 515 3519 verum
538 3466 727 3542 praeceptum
751 3477 824 3522 esse.
859 3457 938 3536 Ideo,
963 3462 1015 3546 qni
1033 3459 1156 3524 alterum
1179 3479 1248 3522 enm

230 3575 371 3659 opinione
395 3573 543 3637 communi
564 3583 661 3636 ratum
682 3572 799 3652 haheat,
824 3577 852 3639 ei
872 3573 996 3640 alterum
1015 3595 1136 3666 quoquc
1151 3596 1248 3663 agno·
1276 3619 1280 3628 .

230 3688 369 3754 scendum
393 3709 457 3753 csse
481 3691 683 3776 consequitur.

282 3863 303 3931 ⁷)
327 3865 467 3938 Vungcrow
484 3863 501 3918 1.
514 3865 531 3920 l.
549 3882 573 3936 p.
587 3865 629 3920 91.
643 3864 686 3920 74.
715 3863 766 3921 ch.
785 3881 859 3936 supra
878 3864 933 3938 51.

282 3962 305 4029 8)
328 3962 361 4015 V.
380 3961 450 4032 516.
462 3961 505 4018 30.
518 3961 560 4018 33.
575 3963 654 4035 juuet
673 3961 688 4035 ξ
703 3964 743 4020 10.
759 3962 855 4030 14,111.
