<?xml version="1.0" encoding="UTF-8"?>
<!DOCTYPE html PUBLIC "-//W3C//DTD XHTML 1.0 Transitional//EN"
    "http://www.w3.org/TR/xhtml1/DTD/xhtml1-transitional.dtd">
<html xmlns="http://www.w3.org/1999/xhtml" xml:lang="en" lang="en">
 <head>
  <title>
</title>
<meta http-equiv="Content-Type" content="text/html;charset=utf-8" />
  <meta name='ocr-system' content='tesseract 3.04.00' />
  <meta name='ocr-capabilities' content='ocr_page ocr_carea ocr_par ocr_line ocrx_word'/>
</head>
<body>
  <div class='ocr_page' id='page_1' title='image "./novellajustinia00wiedgoog/novellajustinia00wiedgoog_0151.png"; bbox 0 0 2936 4554; ppageno 0'>
   <div class='ocr_carea' id='block_1_1' title="bbox 693 295 756 364">
    <p class='ocr_par' dir='ltr' id='par_1_1' title="bbox 693 295 756 364">
     <span class='ocr_line' id='line_1_1' title="bbox 693 295 756 364; baseline -0.016 0"><span class='ocrx_word' id='word_1_1' title='bbox 693 295 756 364; x_wconf 83' lang='grc'><strong>135</strong></span> 
     </span>
    </p>
   </div>
   <div class='ocr_carea' id='block_1_2' title="bbox 207 453 1229 3224">
    <p class='ocr_par' dir='ltr' id='par_1_2' title="bbox 215 453 1227 660">
     <span class='ocr_line' id='line_1_2' title="bbox 216 453 1227 566; baseline 0.003 -25"><span class='ocrx_word' id='word_1_2' title='bbox 216 477 361 555; x_wconf 83' lang='lat' dir='ltr'><strong>videntur,</strong></span> <span class='ocrx_word' id='word_1_3' title='bbox 378 499 453 566; x_wconf 90' lang='lat' dir='ltr'><strong>quae</strong></span> <span class='ocrx_word' id='word_1_4' title='bbox 467 453 656 566; x_wconf 84' lang='lat' dir='ltr'><strong>Ribbedtrop</strong></span> <span class='ocrx_word' id='word_1_5' title='bbox 675 475 711 540; x_wconf 90' lang='lat' dir='ltr'><strong>de</strong></span> <span class='ocrx_word' id='word_1_6' title='bbox 728 475 826 542; x_wconf 89' lang='lat' dir='ltr'><strong>dubiis</strong></span> <span class='ocrx_word' id='word_1_7' title='bbox 843 477 888 543; x_wconf 90' lang='lat' dir='ltr'><strong>vel</strong></span> <span class='ocrx_word' id='word_1_8' title='bbox 905 477 1040 544; x_wconf 79' lang='lat' dir='ltr'>obscuris</span> <span class='ocrx_word' id='word_1_9' title='bbox 1056 482 1227 546; x_wconf 87' lang='lat' dir='ltr'><strong>cautionum</strong></span> 
     </span>
     <span class='ocr_line' id='line_1_3' title="bbox 215 591 499 660; baseline 0.007 -4"><span class='ocrx_word' id='word_1_10' title='bbox 215 591 312 660; x_wconf 83' lang='lat' dir='ltr'><strong>verbis</strong></span> <span class='ocrx_word' id='word_1_11' title='bbox 336 591 499 659; x_wconf 84' lang='lat' dir='ltr'>annotavit</span> 
     </span>
    </p>

    <p class='ocr_par' dir='ltr' id='par_1_3' title="bbox 207 708 1228 1837">
     <span class='ocr_line' id='line_1_4' title="bbox 282 708 1227 796; baseline 0.001 -22"><span class='ocrx_word' id='word_1_12' title='bbox 282 708 394 774; x_wconf 78' lang='lat' dir='ltr'><strong>Deinde</strong></span> <span class='ocrx_word' id='word_1_13' title='bbox 427 708 613 774; x_wconf 79' lang='lat' dir='ltr'><strong>lustinianus</strong></span> <span class='ocrx_word' id='word_1_14' title='bbox 647 721 805 796; x_wconf 91' lang='lat' dir='ltr'><strong>praecepto</strong></span> <span class='ocrx_word' id='word_1_15' title='bbox 840 722 944 775; x_wconf 90' lang='lat' dir='ltr'><strong>nostro</strong></span> <span class='ocrx_word' id='word_1_16' title='bbox 981 723 1106 775; x_wconf 89' lang='lat' dir='ltr'><strong>veterem</strong></span> <span class='ocrx_word' id='word_1_17' title='bbox 1141 713 1227 776; x_wconf 89' lang='lat' dir='ltr'><strong>istam</strong></span> 
     </span>
     <span class='ocr_line' id='line_1_5' title="bbox 209 817 1228 914; baseline 0 -23"><span class='ocrx_word' id='word_1_18' title='bbox 209 826 288 912; x_wconf 89' lang='lat' dir='ltr'><strong>juris</strong></span> <span class='ocrx_word' id='word_1_19' title='bbox 310 817 488 913; x_wconf 75' lang='lat' dir='ltr'><strong>rcgdlarn³lc</strong></span> <span class='ocrx_word' id='word_1_20' title='bbox 511 827 537 889; x_wconf 91' lang='lat' dir='ltr'><strong>si</strong></span> <span class='ocrx_word' id='word_1_21' title='bbox 560 823 659 911; x_wconf 90' lang='lat' dir='ltr'><strong>plures</strong></span> <span class='ocrx_word' id='word_1_22' title='bbox 683 847 771 890; x_wconf 88' lang='lat' dir='ltr'><strong>unam</strong></span> <span class='ocrx_word' id='word_1_23' title='bbox 789 847 932 890; x_wconf 89' lang='lat' dir='ltr'><strong>surnrnam</strong></span> <span class='ocrx_word' id='word_1_24' title='bbox 948 829 1141 891; x_wconf 89' lang='lat' dir='ltr'><strong>communiter</strong></span> <span class='ocrx_word' id='word_1_25' title='bbox 1156 849 1228 914; x_wconf 87' lang='lat' dir='ltr'><strong>pro·</strong></span> 
     </span>
     <span class='ocr_line' id='line_1_6' title="bbox 213 941 1228 1030; baseline 0 -24"><span class='ocrx_word' id='word_1_26' title='bbox 213 944 354 1018; x_wconf 80' lang='lat' dir='ltr'><strong>miserint,</strong></span> <span class='ocrx_word' id='word_1_27' title='bbox 380 963 481 1006; x_wconf 90' lang='lat' dir='ltr'><strong>omnes</strong></span> <span class='ocrx_word' id='word_1_28' title='bbox 504 944 534 1005; x_wconf 91' lang='lat' dir='ltr'><strong>in</strong></span> <span class='ocrx_word' id='word_1_29' title='bbox 550 953 649 1028; x_wconf 86' lang='lat' dir='ltr'><strong>partes</strong></span> <span class='ocrx_word' id='word_1_30' title='bbox 669 963 778 1029; x_wconf 88' lang='lat' dir='ltr'><strong>aequas</strong></span> <span class='ocrx_word' id='word_1_31' title='bbox 796 946 898 1020; x_wconf 88' lang='lat' dir='ltr'><strong>teneri,</strong></span> <span class='ocrx_word' id='word_1_32' title='bbox 923 941 1144 1030; x_wconf 88' lang='lat' dir='ltr'><strong>quodammodo</strong></span> <span class='ocrx_word' id='word_1_33' title='bbox 1161 946 1228 1030; x_wconf 90' lang='lat' dir='ltr'><strong>qui-</strong></span> 
     </span>
     <span class='ocr_line' id='line_1_7' title="bbox 213 1057 1227 1145; baseline 0.001 -24"><span class='ocrx_word' id='word_1_34' title='bbox 213 1057 278 1122; x_wconf 91' lang='lat' dir='ltr'><strong>dem</strong></span> <span class='ocrx_word' id='word_1_35' title='bbox 301 1071 433 1144; x_wconf 89' lang='lat' dir='ltr'><strong>repetere</strong></span> <span class='ocrx_word' id='word_1_36' title='bbox 455 1057 583 1134; x_wconf 87' lang='lat' dir='ltr'><strong>videtur,</strong></span> <span class='ocrx_word' id='word_1_37' title='bbox 608 1060 649 1122; x_wconf 87' lang='lat' dir='ltr'><strong>ita</strong></span> <span class='ocrx_word' id='word_1_38' title='bbox 671 1071 779 1136; x_wconf 89' lang='lat' dir='ltr'><strong>tamen,</strong></span> <span class='ocrx_word' id='word_1_39' title='bbox 807 1069 842 1122; x_wconf 91' lang='lat' dir='ltr'><strong>ut</strong></span> <span class='ocrx_word' id='word_1_40' title='bbox 864 1081 926 1124; x_wconf 92' lang='lat' dir='ltr'><strong>eam</strong></span> <span class='ocrx_word' id='word_1_41' title='bbox 952 1059 987 1124; x_wconf 91' lang='lat' dir='ltr'><strong>de</strong></span> <span class='ocrx_word' id='word_1_42' title='bbox 1010 1057 1146 1145; x_wconf 88' lang='lat' dir='ltr'><strong>pluribus</strong></span> <span class='ocrx_word' id='word_1_43' title='bbox 1170 1061 1227 1123; x_wconf 92' lang='lat' dir='ltr'><strong>reis</strong></span> 
     </span>
     <span class='ocr_line' id='line_1_8' title="bbox 212 1172 1228 1260; baseline 0.002 -24"><span class='ocrx_word' id='word_1_44' title='bbox 212 1172 404 1260; x_wconf 89' lang='lat' dir='ltr'><strong>promittendi</strong></span> <span class='ocrx_word' id='word_1_45' title='bbox 427 1175 629 1259; x_wconf 82' lang='lat' dir='ltr'><strong>proposuerit.</strong></span> <span class='ocrx_word' id='word_1_46' title='bbox 676 1173 791 1238; x_wconf 82' lang='lat' dir='ltr'><strong>Etenim</strong></span> <span class='ocrx_word' id='word_1_47' title='bbox 808 1178 945 1252; x_wconf 82' lang='lat' dir='ltr'><strong>&#39;sanxiit,</strong></span> <span class='ocrx_word' id='word_1_48' title='bbox 975 1197 1012 1238; x_wconf 92' lang='lat' dir='ltr'><strong>ne</strong></span> <span class='ocrx_word' id='word_1_49' title='bbox 1041 1197 1138 1240; x_wconf 81' lang='lat' dir='ltr'><strong>nexus</strong></span> <span class='ocrx_word' id='word_1_50' title='bbox 1162 1196 1228 1238; x_wconf 93' lang='lat' dir='ltr'><strong>eor-</strong></span> 
     </span>
     <span class='ocr_line' id='line_1_9' title="bbox 207 1287 1228 1378; baseline 0.003 -27"><span class='ocrx_word' id='word_1_51' title='bbox 207 1289 299 1352; x_wconf 90' lang='lat' dir='ltr'><strong>-realls</strong></span> <span class='ocrx_word' id='word_1_52' title='bbox 326 1299 548 1374; x_wconf 86' lang='lat' dir='ltr'><strong>praesumatur,</strong></span> <span class='ocrx_word' id='word_1_53' title='bbox 585 1287 638 1352; x_wconf 90' lang='lat' dir='ltr'><strong>sed</strong></span> <span class='ocrx_word' id='word_1_54' title='bbox 667 1301 701 1352; x_wconf 89' lang='lat' dir='ltr'><strong>ut</strong></span> <span class='ocrx_word' id='word_1_55' title='bbox 731 1290 868 1354; x_wconf 83' lang='lat' dir='ltr'><strong>voluntas</strong></span> <span class='ocrx_word' id='word_1_56' title='bbox 902 1293 1049 1376; x_wconf 89' lang='lat' dir='ltr'><strong>partium,</strong></span> <span class='ocrx_word' id='word_1_57' title='bbox 1085 1311 1161 1378; x_wconf 89' lang='lat' dir='ltr'><strong>quae</strong></span> <span class='ocrx_word' id='word_1_58' title='bbox 1189 1289 1228 1354; x_wconf 93' lang='lat' dir='ltr'><strong>ad</strong></span> 
     </span>
     <span class='ocr_line' id='line_1_10' title="bbox 213 1401 1228 1490; baseline 0.005 -24"><span class='ocrx_word' id='word_1_59' title='bbox 213 1403 338 1468; x_wconf 88' lang='lat' dir='ltr'><strong>eundem</strong></span> <span class='ocrx_word' id='word_1_60' title='bbox 361 1424 471 1467; x_wconf 85' lang='lat' dir='ltr'><strong>nexum</strong></span> <span class='ocrx_word' id='word_1_61' title='bbox 494 1401 604 1480; x_wconf 88' lang='lat' dir='ltr'><strong>tendat,</strong></span> <span class='ocrx_word' id='word_1_62' title='bbox 630 1406 778 1490; x_wconf 80' lang='lat' dir='ltr'><strong>expressis</strong></span> <span class='ocrx_word' id='word_1_63' title='bbox 804 1403 901 1468; x_wconf 90' lang='lat' dir='ltr'><strong>verbis</strong></span> <span class='ocrx_word' id='word_1_64' title='bbox 921 1417 950 1469; x_wconf 92' lang='lat' dir='ltr'><strong>et</strong></span> <span class='ocrx_word' id='word_1_65' title='bbox 965 1418 1044 1468; x_wconf 89' lang='lat' dir='ltr'><strong>certo</strong></span> <span class='ocrx_word' id='word_1_66' title='bbox 1061 1406 1151 1471; x_wconf 92' lang='lat' dir='ltr'><strong>modo</strong></span> <span class='ocrx_word' id='word_1_67' title='bbox 1177 1406 1228 1471; x_wconf 91' lang='lat' dir='ltr'><strong>dc-</strong></span> 
     </span>
     <span class='ocr_line' id='line_1_11' title="bbox 214 1517 1228 1606; baseline 0.004 -25"><span class='ocrx_word' id='word_1_68' title='bbox 214 1517 348 1584; x_wconf 80' lang='lat' dir='ltr'><strong>claretur.</strong></span> <span class='ocrx_word' id='word_1_69' title='bbox 384 1517 466 1602; x_wconf 76' lang='lat' dir='ltr'><strong>Quae</strong></span> <span class='ocrx_word' id='word_1_70' title='bbox 489 1519 591 1606; x_wconf 83' lang='lat' dir='ltr'><strong>regula</strong></span> <span class='ocrx_word' id='word_1_71' title='bbox 614 1540 679 1582; x_wconf 92' lang='lat' dir='ltr'><strong>cum</strong></span> <span class='ocrx_word' id='word_1_72' title='bbox 703 1519 784 1584; x_wconf 87' lang='lat' dir='ltr'><strong>nulla</strong></span> <span class='ocrx_word' id='word_1_73' title='bbox 807 1519 1003 1605; x_wconf 83' lang='lat' dir='ltr'><strong>explicatione</strong></span> <span class='ocrx_word' id='word_1_74' title='bbox 1021 1518 1159 1585; x_wconf 87' lang='lat' dir='ltr'><strong>uberiore</strong></span> <span class='ocrx_word' id='word_1_75' title='bbox 1182 1525 1228 1585; x_wconf 92' lang='lat' dir='ltr'><strong>in·</strong></span> 
     </span>
     <span class='ocr_line' id='line_1_12' title="bbox 213 1632 1228 1722; baseline 0.004 -26"><span class='ocrx_word' id='word_1_76' title='bbox 213 1632 342 1720; x_wconf 80' lang='lat' dir='ltr'><strong>digeret,</strong></span> <span class='ocrx_word' id='word_1_77' title='bbox 377 1656 412 1698; x_wconf 93' lang='lat' dir='ltr'><strong>co</strong></span> <span class='ocrx_word' id='word_1_78' title='bbox 449 1635 536 1698; x_wconf 91' lang='lat' dir='ltr'><strong>simul</strong></span> <span class='ocrx_word' id='word_1_79' title='bbox 572 1635 749 1722; x_wconf 89' lang='lat' dir='ltr'><strong>explicatur,</strong></span> <span class='ocrx_word' id='word_1_80' title='bbox 784 1657 837 1699; x_wconf 91' lang='lat' dir='ltr'><strong>cur</strong></span> <span class='ocrx_word' id='word_1_81' title='bbox 863 1633 1049 1700; x_wconf 81' lang='lat' dir='ltr'><strong>lustinianus</strong></span> <span class='ocrx_word' id='word_1_82' title='bbox 1078 1639 1228 1722; x_wconf 87' lang='lat' dir='ltr'><strong>praecepti</strong></span> 
     </span>
     <span class='ocr_line' id='line_1_13' title="bbox 213 1749 993 1837; baseline 0 -23"><span class='ocrx_word' id='word_1_83' title='bbox 213 1749 335 1814; x_wconf 90' lang='lat' dir='ltr'><strong>secundi</strong></span> <span class='ocrx_word' id='word_1_84' title='bbox 358 1772 450 1837; x_wconf 90' lang='lat' dir='ltr'><strong>paene</strong></span> <span class='ocrx_word' id='word_1_85' title='bbox 475 1772 590 1816; x_wconf 88' lang='lat' dir='ltr'><strong>omnem</strong></span> <span class='ocrx_word' id='word_1_86' title='bbox 613 1753 758 1816; x_wconf 89' lang='lat' dir='ltr'><strong>rationem</strong></span> <span class='ocrx_word' id='word_1_87' title='bbox 781 1750 928 1815; x_wconf 86' lang='lat' dir='ltr'><strong>habuerit.</strong></span> <span class='ocrx_word' id='word_1_88' title='bbox 958 1786 993 1800; x_wconf 85' lang='lat'>-</span> 
     </span>
    </p>

    <p class='ocr_par' dir='ltr' id='par_1_4' title="bbox 212 1860 1229 3224">
     <span class='ocr_line' id='line_1_14' title="bbox 279 1860 1227 1955; baseline 0.002 -25"><span class='ocrx_word' id='word_1_89' title='bbox 279 1865 316 1932; x_wconf 88' lang='lat' dir='ltr'><strong>de</strong></span> <span class='ocrx_word' id='word_1_90' title='bbox 340 1860 542 1955; x_wconf 78' lang='lat' dir='ltr'><strong>Vangerow⁴l</strong></span> <span class='ocrx_word' id='word_1_91' title='bbox 567 1869 737 1954; x_wconf 89' lang='lat' dir='ltr'><strong>opinionem</strong></span> <span class='ocrx_word' id='word_1_92' title='bbox 760 1888 943 1932; x_wconf 91' lang='lat' dir='ltr'><strong>communem</strong></span> <span class='ocrx_word' id='word_1_93' title='bbox 966 1867 1164 1954; x_wconf 88' lang='lat' dir='ltr'><strong>reprehendit,</strong></span> <span class='ocrx_word' id='word_1_94' title='bbox 1190 1889 1227 1932; x_wconf 87' lang='lat' dir='ltr'><strong>ex</strong></span> 
     </span>
     <span class='ocr_line' id='line_1_15' title="bbox 213 1982 1228 2070; baseline 0.001 -24"><span class='ocrx_word' id='word_1_95' title='bbox 213 2003 273 2069; x_wconf 89' lang='lat' dir='ltr'><strong>qua</strong></span> <span class='ocrx_word' id='word_1_96' title='bbox 294 1982 459 2069; x_wconf 80' lang='lat' dir='ltr'><strong>Imperator</strong></span> <span class='ocrx_word' id='word_1_97' title='bbox 487 2003 592 2069; x_wconf 89' lang='lat' dir='ltr'><strong>parum</strong></span> <span class='ocrx_word' id='word_1_98' title='bbox 623 1983 770 2070; x_wconf 81' lang='lat' dir='ltr'><strong>eleganter</strong></span> <span class='ocrx_word' id='word_1_99' title='bbox 793 1995 822 2046; x_wconf 91' lang='lat' dir='ltr'><strong>et</strong></span> <span class='ocrx_word' id='word_1_100' title='bbox 845 1994 1060 2070; x_wconf 89' lang='lat' dir='ltr'><strong>consequenter</strong></span> <span class='ocrx_word' id='word_1_101' title='bbox 1083 1985 1228 2047; x_wconf 89' lang='lat' dir='ltr'><strong>constitu·</strong></span> 
     </span>
     <span class='ocr_line' id='line_1_16' title="bbox 213 2096 1229 2164; baseline 0.002 -3"><span class='ocrx_word' id='word_1_102' title='bbox 213 2099 282 2161; x_wconf 91' lang='lat' dir='ltr'><strong>erit:</strong></span> <span class='ocrx_word' id='word_1_103' title='bbox 313 2098 435 2162; x_wconf 78' lang='lat' dir='ltr'><strong>»Wenn</strong></span> <span class='ocrx_word' id='word_1_104' title='bbox 463 2096 588 2164; x_wconf 81' lang='lat' dir='ltr'><strong>demand</strong></span> <span class='ocrx_word' id='word_1_105' title='bbox 615 2098 747 2164; x_wconf 90' lang='lat' dir='ltr'><strong>mehrere</strong></span> <span class='ocrx_word' id='word_1_106' title='bbox 777 2097 1058 2164; x_wconf 83' lang='lat' dir='ltr'><strong>Correalschuldner</strong></span> <span class='ocrx_word' id='word_1_107' title='bbox 1086 2100 1229 2163; x_wconf 87' lang='lat' dir='ltr'><strong>annimmt</strong></span> 
     </span>
     <span class='ocr_line' id='line_1_17' title="bbox 212 2212 1227 2301; baseline 0 -23"><span class='ocrx_word' id='word_1_108' title='bbox 212 2213 276 2278; x_wconf 92' lang='lat' dir='ltr'><strong>und</strong></span> <span class='ocrx_word' id='word_1_109' title='bbox 306 2213 385 2278; x_wconf 90' lang='lat' dir='ltr'><strong>diese</strong></span> <span class='ocrx_word' id='word_1_110' title='bbox 415 2212 511 2278; x_wconf 89' lang='lat' dir='ltr'><strong>haben</strong></span> <span class='ocrx_word' id='word_1_111' title='bbox 541 2215 623 2279; x_wconf 91' lang='lat' dir='ltr'><strong>nicht</strong></span> <span class='ocrx_word' id='word_1_112' title='bbox 652 2214 865 2301; x_wconf 88' lang='lat' dir='ltr'><strong>versprochen,</strong></span> <span class='ocrx_word' id='word_1_113' title='bbox 897 2213 961 2278; x_wconf 88' lang='lat' dir='ltr'><strong>dals</strong></span> <span class='ocrx_word' id='word_1_114' title='bbox 986 2213 1071 2300; x_wconf 87' lang='lat' dir='ltr'><strong>jeder</strong></span> <span class='ocrx_word' id='word_1_115' title='bbox 1100 2212 1148 2278; x_wconf 85' lang='lat' dir='ltr'><strong>fiir</strong></span> <span class='ocrx_word' id='word_1_116' title='bbox 1175 2213 1227 2278; x_wconf 89' lang='lat' dir='ltr'><strong>das</strong></span> 
     </span>
     <span class='ocr_line' id='line_1_18' title="bbox 214 2327 1228 2406; baseline 0 -12"><span class='ocrx_word' id='word_1_117' title='bbox 214 2327 313 2396; x_wconf 88' lang='lat' dir='ltr'><strong>Ganze</strong></span> <span class='ocrx_word' id='word_1_118' title='bbox 341 2328 442 2396; x_wconf 86' lang='lat' dir='ltr'><strong>hellen</strong></span> <span class='ocrx_word' id='word_1_119' title='bbox 470 2329 575 2406; x_wconf 88' lang='lat' dir='ltr'><strong>wolle,</strong></span> <span class='ocrx_word' id='word_1_120' title='bbox 607 2353 641 2394; x_wconf 94' lang='lat' dir='ltr'><strong>so</strong></span> <span class='ocrx_word' id='word_1_121' title='bbox 671 2330 743 2394; x_wconf 79' lang='lat' dir='ltr'><strong>clod</strong></span> <span class='ocrx_word' id='word_1_122' title='bbox 770 2352 800 2396; x_wconf 88' lang='lat' dir='ltr'><strong>cs</strong></span> <span class='ocrx_word' id='word_1_123' title='bbox 831 2331 916 2396; x_wconf 89' lang='lat' dir='ltr'><strong>keine</strong></span> <span class='ocrx_word' id='word_1_124' title='bbox 946 2328 1228 2396; x_wconf 83' lang='lat' dir='ltr'><strong>Correalschuldner</strong></span> 
     </span>
     <span class='ocr_line' id='line_1_19' title="bbox 213 2441 1228 2534; baseline 0 -24"><span class='ocrx_word' id='word_1_125' title='bbox 213 2457 295 2510; x_wconf 76' lang='lat' dir='ltr'><strong>cett«</strong></span> <span class='ocrx_word' id='word_1_126' title='bbox 323 2483 359 2494; x_wconf 93' lang='lat'><em>-</em></span> <span class='ocrx_word' id='word_1_127' title='bbox 386 2441 555 2510; x_wconf 80' lang='lat' dir='ltr'><strong>»Nachdem</strong></span> <span class='ocrx_word' id='word_1_128' title='bbox 580 2447 642 2512; x_wconf 91' lang='lat' dir='ltr'><strong>also</strong></span> <span class='ocrx_word' id='word_1_129' title='bbox 666 2459 768 2512; x_wconf 90' lang='lat' dir='ltr'><strong>zuerst</strong></span> <span class='ocrx_word' id='word_1_130' title='bbox 791 2469 851 2512; x_wconf 91' lang='lat' dir='ltr'><strong>von</strong></span> <span class='ocrx_word' id='word_1_131' title='bbox 874 2447 926 2512; x_wconf 92' lang='lat' dir='ltr'><strong>der</strong></span> <span class='ocrx_word' id='word_1_132' title='bbox 944 2447 1133 2534; x_wconf 83' lang='lat' dir='ltr'><strong>allgemeinen</strong></span> <span class='ocrx_word' id='word_1_133' title='bbox 1148 2445 1228 2511; x_wconf 92' lang='lat' dir='ltr'><strong>Vor-</strong></span> 
     </span>
     <span class='ocr_line' id='line_1_20' title="bbox 213 2561 1228 2651; baseline -0.002 -24"><span class='ocrx_word' id='word_1_134' title='bbox 213 2575 393 2649; x_wconf 87' lang='lat' dir='ltr'><strong>aussetzung</strong></span> <span class='ocrx_word' id='word_1_135' title='bbox 426 2584 634 2651; x_wconf 82' lang='lat' dir='ltr'><strong>ausgegangen</strong></span> <span class='ocrx_word' id='word_1_136' title='bbox 667 2563 793 2640; x_wconf 85' lang='lat' dir='ltr'><strong>wiirdc‚</strong></span> <span class='ocrx_word' id='word_1_137' title='bbox 830 2562 894 2627; x_wconf 84' lang='lat' dir='ltr'><strong>dass</strong></span> <span class='ocrx_word' id='word_1_138' title='bbox 929 2563 1061 2628; x_wconf 89' lang='lat' dir='ltr'><strong>mehrere</strong></span> <span class='ocrx_word' id='word_1_139' title='bbox 1092 2561 1228 2628; x_wconf 86' lang='lat' dir='ltr'><strong>Correal·</strong></span> 
     </span>
     <span class='ocr_line' id='line_1_21' title="bbox 212 2677 1229 2759; baseline -0.001 -16"><span class='ocrx_word' id='word_1_140' title='bbox 212 2677 372 2743; x_wconf 90' lang='lat' dir='ltr'><strong>schuldner</strong></span> <span class='ocrx_word' id='word_1_141' title='bbox 394 2678 437 2742; x_wconf 83' lang='lat' dir='ltr'><strong>du</strong></span> <span class='ocrx_word' id='word_1_142' title='bbox 459 2679 558 2759; x_wconf 72' lang='lat' dir='ltr'><strong>sedeo,</strong></span> <span class='ocrx_word' id='word_1_143' title='bbox 588 2677 694 2742; x_wconf 85' lang='lat' dir='ltr'><strong>wiirde</strong></span> <span class='ocrx_word' id='word_1_144' title='bbox 719 2678 761 2741; x_wconf 87' lang='lat' dir='ltr'><strong>als</strong></span> <span class='ocrx_word' id='word_1_145' title='bbox 785 2677 928 2744; x_wconf 89' lang='lat' dir='ltr'><strong>Unterlall</strong></span> <span class='ocrx_word' id='word_1_146' title='bbox 952 2681 999 2743; x_wconf 92' lang='lat' dir='ltr'><strong>ein</strong></span> <span class='ocrx_word' id='word_1_147' title='bbox 1022 2678 1139 2742; x_wconf 90' lang='lat' dir='ltr'><strong>solcher</strong></span> <span class='ocrx_word' id='word_1_148' title='bbox 1161 2678 1229 2742; x_wconf 89' lang='lat' dir='ltr'><strong>hin·</strong></span> 
     </span>
     <span class='ocr_line' id='line_1_22' title="bbox 212 2791 1227 2881; baseline -0.002 -23"><span class='ocrx_word' id='word_1_149' title='bbox 212 2793 337 2881; x_wconf 82' lang='lat' dir='ltr'><strong>gestellt,</strong></span> <span class='ocrx_word' id='word_1_150' title='bbox 361 2796 392 2857; x_wconf 92' lang='lat' dir='ltr'><strong>in</strong></span> <span class='ocrx_word' id='word_1_151' title='bbox 405 2792 547 2858; x_wconf 88' lang='lat' dir='ltr'><strong>welchem</strong></span> <span class='ocrx_word' id='word_1_152' title='bbox 570 2792 659 2856; x_wconf 74' lang='lat' dir='ltr'><strong>deice</strong></span> <span class='ocrx_word' id='word_1_153' title='bbox 680 2792 861 2857; x_wconf 79' lang='lat' dir='ltr'><strong>cordaodco</strong></span> <span class='ocrx_word' id='word_1_154' title='bbox 877 2793 1000 2857; x_wconf 68' lang='lat' dir='ltr'><strong>seieolt</strong></span> <span class='ocrx_word' id='word_1_155' title='bbox 1024 2791 1085 2858; x_wconf 91' lang='lat' dir='ltr'><strong>Sed</strong></span> <span class='ocrx_word' id='word_1_156' title='bbox 1099 2796 1227 2879; x_wconf 90' lang='lat' dir='ltr'><strong>primum</strong></span> 
     </span>
     <span class='ocr_line' id='line_1_23' title="bbox 212 2905 1227 2996; baseline -0.001 -23"><span class='ocrx_word' id='word_1_157' title='bbox 212 2909 384 2996; x_wconf 81' lang='lat' dir='ltr'><strong>Vangerow</strong></span> <span class='ocrx_word' id='word_1_158' title='bbox 413 2929 509 2995; x_wconf 87' lang='lat' dir='ltr'><strong>acque</strong></span> <span class='ocrx_word' id='word_1_159' title='bbox 531 2905 739 2994; x_wconf 89' lang='lat' dir='ltr'><strong>perpendisse,</strong></span> <span class='ocrx_word' id='word_1_160' title='bbox 769 2906 918 2971; x_wconf 91' lang='lat' dir='ltr'><strong>Particula</strong></span> <span class='ocrx_word' id='word_1_161' title='bbox 941 2906 971 2970; x_wconf 79' lang='lat' dir='ltr'><strong>cl</strong></span> <span class='ocrx_word' id='word_1_162' title='bbox 993 2928 1058 2970; x_wconf 92' lang='lat' dir='ltr'><strong>cum</strong></span> <span class='ocrx_word' id='word_1_163' title='bbox 1084 2905 1227 2994; x_wconf 85' lang='lat' dir='ltr'><strong>Optativo</strong></span> 
     </span>
     <span class='ocr_line' id='line_1_24' title="bbox 213 3017 1226 3109; baseline -0.002 -20"><span class='ocrx_word' id='word_1_164' title='bbox 213 3047 275 3090; x_wconf 93' lang='lat' dir='ltr'><strong>non</strong></span> <span class='ocrx_word' id='word_1_165' title='bbox 302 3045 363 3088; x_wconf 90' lang='lat' dir='ltr'><strong>rem</strong></span> <span class='ocrx_word' id='word_1_166' title='bbox 393 3022 477 3100; x_wconf 87' lang='lat' dir='ltr'><strong>lacti,</strong></span> <span class='ocrx_word' id='word_1_167' title='bbox 508 3023 560 3088; x_wconf 92' lang='lat' dir='ltr'><strong>sed</strong></span> <span class='ocrx_word' id='word_1_168' title='bbox 588 3017 767 3104; x_wconf 75' lang='lat' dir='ltr'><strong>fictionem⁵l</strong></span> <span class='ocrx_word' id='word_1_169' title='bbox 799 3021 936 3100; x_wconf 88' lang='lat' dir='ltr'><strong>indicari,</strong></span> <span class='ocrx_word' id='word_1_170' title='bbox 968 3043 1063 3109; x_wconf 87' lang='lat' dir='ltr'><strong>neque</strong></span> <span class='ocrx_word' id='word_1_171' title='bbox 1093 3020 1226 3109; x_wconf 87' lang='lat' dir='ltr'><strong>Optativi</strong></span> 
     </span>
     <span class='ocr_line' id='line_1_25' title="bbox 213 3132 1226 3224; baseline -0.003 -18"><span class='ocrx_word' id='word_1_172' title='bbox 213 3140 329 3206; x_wconf 86' lang='lat' dir='ltr'><strong>Aeristi</strong></span> <span class='ocrx_word' id='word_1_173' title='bbox 357 3134 466 3222; x_wconf 77' lang='grc' dir='ltr'>(λάβοι</span> <span class='ocrx_word' id='word_1_174' title='bbox 482 3183 490 3202; x_wconf 92' lang='grc'>.</span> <span class='ocrx_word' id='word_1_175' title='bbox 507 3132 735 3224; x_wconf 69' lang='lat' dir='ltr'><strong>‚nqoo9clo1)⁶l</strong></span> <span class='ocrx_word' id='word_1_176' title='bbox 759 3142 903 3204; x_wconf 90' lang='lat' dir='ltr'><strong>rationem</strong></span> <span class='ocrx_word' id='word_1_177' title='bbox 930 3137 1070 3203; x_wconf 90' lang='lat' dir='ltr'><strong>habuisse</strong></span> <span class='ocrx_word' id='word_1_178' title='bbox 1099 3137 1226 3216; x_wconf 91' lang='lat' dir='ltr'><strong>videtur,</strong></span> 
     </span>
    </p>
   </div>
   <div class='ocr_carea' id='block_1_3' title="bbox 213 3303 1229 3974">
    <p class='ocr_par' dir='ltr' id='par_1_5' title="bbox 214 3303 1225 3473">
     <span class='ocr_line' id='line_1_26' title="bbox 267 3303 1225 3378; baseline -0.004 -17"><span class='ocrx_word' id='word_1_179' title='bbox 267 3307 289 3375; x_wconf 81' lang='lat'><strong>³)</strong></span> <span class='ocrx_word' id='word_1_180' title='bbox 312 3307 341 3361; x_wconf 90' lang='lat' dir='ltr'><strong>L.</strong></span> <span class='ocrx_word' id='word_1_181' title='bbox 354 3305 379 3362; x_wconf 81' lang='lat'><strong>8.</strong></span> <span class='ocrx_word' id='word_1_182' title='bbox 395 3307 435 3361; x_wconf 92' lang='lat' dir='ltr'><strong>ll.</strong></span> <span class='ocrx_word' id='word_1_183' title='bbox 455 3303 498 3375; x_wconf 79' lang='lat'><strong>§2</strong></span> <span class='ocrx_word' id='word_1_184' title='bbox 517 3305 546 3359; x_wconf 90' lang='lat' dir='ltr'><strong>dc</strong></span> <span class='ocrx_word' id='word_1_185' title='bbox 559 3305 617 3360; x_wconf 93' lang='lat' dir='ltr'><strong>duo.</strong></span> <span class='ocrx_word' id='word_1_186' title='bbox 630 3306 686 3359; x_wconf 84' lang='lat' dir='ltr'><strong>reis.</strong></span> <span class='ocrx_word' id='word_1_187' title='bbox 714 3305 765 3361; x_wconf 74' lang='lat' dir='ltr'><strong>uri.</strong></span> <span class='ocrx_word' id='word_1_188' title='bbox 784 3304 909 3360; x_wconf 84' lang='lat' dir='ltr'><strong>Dedelrind</strong></span> <span class='ocrx_word' id='word_1_189' title='bbox 926 3322 950 3376; x_wconf 92' lang='lat' dir='ltr'><strong>p.</strong></span> <span class='ocrx_word' id='word_1_190' title='bbox 963 3305 985 3358; x_wconf 90' lang='lat'><strong>1.</strong></span> <span class='ocrx_word' id='word_1_191' title='bbox 997 3311 1051 3358; x_wconf 80' lang='lat' dir='ltr'><strong>not.</strong></span> <span class='ocrx_word' id='word_1_192' title='bbox 1062 3305 1084 3358; x_wconf 93' lang='lat' dir='ltr'><strong>l.</strong></span> <span class='ocrx_word' id='word_1_193' title='bbox 1116 3303 1225 3378; x_wconf 82' lang='lat' dir='ltr'><strong>Savigny</strong></span> 
     </span>
     <span class='ocr_line' id='line_1_27' title="bbox 214 3401 1026 3473; baseline -0.004 -13"><span class='ocrx_word' id='word_1_194' title='bbox 214 3401 603 3473; x_wconf 79' lang='lat' dir='ltr'><strong>0bl.R..Bdl.§16...notd</strong></span> <span class='ocrx_word' id='word_1_195' title='bbox 1023 3432 1026 3437; x_wconf 97' lang='lat'>·</span> 
     </span>
    </p>

    <p class='ocr_par' dir='ltr' id='par_1_6' title="bbox 266 3500 673 3576">
     <span class='ocr_line' id='line_1_28' title="bbox 266 3500 673 3576; baseline -0.008 -18"><span class='ocrx_word' id='word_1_196' title='bbox 266 3503 289 3570; x_wconf 69' lang='grc'><strong>4)</strong></span> <span class='ocrx_word' id='word_1_197' title='bbox 313 3502 455 3576; x_wconf 86' lang='lat' dir='ltr'><strong>Vaugcrow</strong></span> <span class='ocrx_word' id='word_1_198' title='bbox 473 3500 517 3556; x_wconf 94' lang='lat' dir='ltr'><strong>l.l.</strong></span> <span class='ocrx_word' id='word_1_199' title='bbox 536 3501 616 3572; x_wconf 89' lang='lat' dir='ltr'><strong>p..9O</strong></span> <span class='ocrx_word' id='word_1_200' title='bbox 630 3501 673 3555; x_wconf 92' lang='lat'><strong>91.</strong></span> 
     </span>
    </p>

    <p class='ocr_par' dir='ltr' id='par_1_7' title="bbox 267 3597 1228 3672">
     <span class='ocr_line' id='line_1_29' title="bbox 267 3597 1228 3672; baseline -0.002 -16"><span class='ocrx_word' id='word_1_201' title='bbox 267 3601 289 3670; x_wconf 80' lang='lat'><strong>⁶)</strong></span> <span class='ocrx_word' id='word_1_202' title='bbox 313 3598 453 3656; x_wconf 85' lang='lat' dir='ltr'><strong>Matthiael.</strong></span> <span class='ocrx_word' id='word_1_203' title='bbox 461 3598 477 3654; x_wconf 92' lang='lat' dir='ltr'><strong>l.</strong></span> <span class='ocrx_word' id='word_1_204' title='bbox 489 3597 572 3670; x_wconf 71' lang='lat'><strong>5523.</strong></span> <span class='ocrx_word' id='word_1_205' title='bbox 582 3597 607 3652; x_wconf 85' lang='grc'><strong>3.</strong></span> <span class='ocrx_word' id='word_1_206' title='bbox 628 3599 657 3654; x_wconf 83' lang='lat' dir='ltr'><strong>G</strong></span> <span class='ocrx_word' id='word_1_207' title='bbox 667 3599 774 3664; x_wconf 81' lang='lat' dir='ltr'><strong>Curtius,</strong></span> <span class='ocrx_word' id='word_1_208' title='bbox 787 3599 881 3655; x_wconf 83' lang='lat' dir='ltr'><strong>Gricch.</strong></span> <span class='ocrx_word' id='word_1_209' title='bbox 891 3598 1067 3672; x_wconf 83' lang='lat' dir='ltr'><strong>Schulgramm.</strong></span> <span class='ocrx_word' id='word_1_210' title='bbox 1077 3598 1161 3670; x_wconf 66' lang='lat'><strong>5546.</strong></span> <span class='ocrx_word' id='word_1_211' title='bbox 1168 3598 1228 3654; x_wconf 85' lang='lat'><strong>549.</strong></span> 
     </span>
    </p>

    <p class='ocr_par' dir='ltr' id='par_1_8' title="bbox 213 3696 1229 3974">
     <span class='ocr_line' id='line_1_30' title="bbox 267 3696 1229 3769; baseline -0.004 -15"><span class='ocrx_word' id='word_1_212' title='bbox 267 3701 289 3767; x_wconf 75' lang='grc'><strong>6)</strong></span> <span class='ocrx_word' id='word_1_213' title='bbox 313 3699 413 3754; x_wconf 74' lang='lat' dir='ltr'><strong>Curtius</strong></span> <span class='ocrx_word' id='word_1_214' title='bbox 435 3696 481 3751; x_wconf 94' lang='lat' dir='ltr'><strong>l..l</strong></span> <span class='ocrx_word' id='word_1_215' title='bbox 501 3697 633 3768; x_wconf 53' lang='lat' dir='ltr'><strong>§actm</strong></span> <span class='ocrx_word' id='word_1_216' title='bbox 623 3697 689 3750; x_wconf 74' lang='lat' dir='ltr'><strong>»Der</strong></span> <span class='ocrx_word' id='word_1_217' title='bbox 710 3697 866 3768; x_wconf 72' lang='lat' dir='ltr'><strong>conjunctiv,</strong></span> <span class='ocrx_word' id='word_1_218' title='bbox 894 3698 1003 3769; x_wconf 88' lang='lat' dir='ltr'><strong>Optativ,</strong></span> <span class='ocrx_word' id='word_1_219' title='bbox 1026 3698 1155 3769; x_wconf 88' lang='lat' dir='ltr'><strong>lmperativ</strong></span> <span class='ocrx_word' id='word_1_220' title='bbox 1178 3698 1229 3751; x_wconf 88' lang='lat' dir='ltr'><strong>und</strong></span> 
     </span>
     <span class='ocr_line' id='line_1_31' title="bbox 213 3794 1228 3868; baseline -0.003 -17"><span class='ocrx_word' id='word_1_221' title='bbox 213 3797 318 3852; x_wconf 88' lang='lat' dir='ltr'><strong>Infinitiv</strong></span> <span class='ocrx_word' id='word_1_222' title='bbox 342 3796 385 3850; x_wconf 86' lang='lat' dir='ltr'><strong>des</strong></span> <span class='ocrx_word' id='word_1_223' title='bbox 403 3796 501 3850; x_wconf 82' lang='lat' dir='ltr'><strong>Aorists</strong></span> <span class='ocrx_word' id='word_1_224' title='bbox 525 3795 667 3849; x_wconf 87' lang='lat' dir='ltr'><strong>bezeichnen</strong></span> <span class='ocrx_word' id='word_1_225' title='bbox 691 3795 728 3849; x_wconf 90' lang='lat' dir='ltr'><strong>die</strong></span> <span class='ocrx_word' id='word_1_226' title='bbox 751 3795 896 3851; x_wconf 86' lang='lat' dir='ltr'><strong>cintretendc</strong></span> <span class='ocrx_word' id='word_1_227' title='bbox 914 3794 1045 3868; x_wconf 85' lang='lat' dir='ltr'><strong>Handlung</strong></span> <span class='ocrx_word' id='word_1_228' title='bbox 1067 3795 1228 3860; x_wconf 75' lang='lat' dir='ltr'><strong>scllcclstlu&#39;c,</strong></span> 
     </span>
     <span class='ocr_line' id='line_1_32' title="bbox 214 3891 1228 3974; baseline -0.002 -26"><span class='ocrx_word' id='word_1_229' title='bbox 214 3913 270 3968; x_wconf 88' lang='lat' dir='ltr'><strong>mag</strong></span> <span class='ocrx_word' id='word_1_230' title='bbox 288 3893 391 3974; x_wconf 83' lang='lat' dir='ltr'><strong>disselbe</strong></span> <span class='ocrx_word' id='word_1_231' title='bbox 408 3911 460 3948; x_wconf 93' lang='lat' dir='ltr'><strong>nun</strong></span> <span class='ocrx_word' id='word_1_232' title='bbox 477 3895 501 3946; x_wconf 90' lang='lat' dir='ltr'><strong>in</strong></span> <span class='ocrx_word' id='word_1_233' title='bbox 521 3893 563 3948; x_wconf 88' lang='lat' dir='ltr'><strong>der</strong></span> <span class='ocrx_word' id='word_1_234' title='bbox 576 3893 728 3966; x_wconf 83' lang='lat' dir='ltr'><strong>Gegcnwart,</strong></span> <span class='ocrx_word' id='word_1_235' title='bbox 745 3893 940 3968; x_wconf 80' lang='lat' dir='ltr'><strong>Vorgangenhcit</strong></span> <span class='ocrx_word' id='word_1_236' title='bbox 954 3893 1013 3949; x_wconf 85' lang='lat' dir='ltr'><strong>oder</strong></span> <span class='ocrx_word' id='word_1_237' title='bbox 1024 3891 1134 3948; x_wconf 82' lang='lat' dir='ltr'><strong>Zulrunlt</strong></span> <span class='ocrx_word' id='word_1_238' title='bbox 1151 3891 1228 3966; x_wconf 85' lang='lat' dir='ltr'><strong>licgen</strong></span> 
     </span>
    </p>
   </div>
   <div class='ocr_carea' id='block_1_4' title="bbox 215 3989 675 4066">
    <p class='ocr_par' dir='ltr' id='par_1_9' title="bbox 215 3989 675 4066">
     <span class='ocr_line' id='line_1_33' title="bbox 215 3989 675 4066; baseline -0.004 -20"><span class='ocrx_word' id='word_1_239' title='bbox 215 3999 283 4047; x_wconf 76' lang='lat' dir='ltr'><strong>cett«</strong></span> <span class='ocrx_word' id='word_1_240' title='bbox 309 3992 419 4066; x_wconf 83' lang='lat' dir='ltr'><strong>Krueger</strong></span> <span class='ocrx_word' id='word_1_241' title='bbox 437 3990 452 4062; x_wconf 63' lang='grc' dir='ltr'><strong>ἓ</strong></span> <span class='ocrx_word' id='word_1_242' title='bbox 465 3989 507 4046; x_wconf 86' lang='grc'><strong>53.</strong></span> <span class='ocrx_word' id='word_1_243' title='bbox 526 3991 550 4046; x_wconf 91' lang='grc'><strong>6.</strong></span> <span class='ocrx_word' id='word_1_244' title='bbox 564 3992 597 4048; x_wconf 83' lang='grc' dir='ltr'><strong>Δ.</strong></span> <span class='ocrx_word' id='word_1_245' title='bbox 610 3990 635 4046; x_wconf 78' lang='grc'><strong>4.</strong></span> <span class='ocrx_word' id='word_1_246' title='bbox 649 3989 675 4045; x_wconf 88' lang='grc'><strong>9.</strong></span> 
     </span>
    </p>
   </div>
   <div class='ocr_carea' id='block_1_5' title="bbox 0 0 1474 4554">
    <p class='ocr_par' dir='ltr' id='par_1_10' title="bbox 0 0 1474 4554">
     <span class='ocr_line' id='line_1_34' title="bbox 0 0 1474 4554; baseline 0 0"><span class='ocrx_word' id='word_1_247' title='bbox 0 0 1474 4554; x_wconf 95' lang='lat' dir='ltr'><strong> </strong></span> 
     </span>
    </p>
   </div>
  </div>
 </body>
</html>
