2952 4556
646 289 806 422 -Ll-

219 479 326 546 realem
348 499 402 566 per
424 475 512 544 solidi
541 477 769 566 promissionem
796 472 939 563 adjectam
963 464 1232 564 comparaverit⁸)i

219 594 323 684 Neque
337 594 511 684 Vangerow
533 596 591 659 ista
606 593 823 679 vituperatione
845 591 942 679 major
964 613 1028 657 csse
1050 591 1178 672 videtur,
1200 595 1231 658 in

124 736 128 745 ·
220 733 308 800 quarn
330 703 525 792 Burcbardi⁷)
548 707 665 786 incidit,
695 706 778 797 qnod
806 729 857 773 cos
880 709 1083 800 fideyitscores
1109 721 1231 774 mutuos

219 849 282 894 csse
305 827 385 904 dicit,
410 829 461 915 qui
484 837 587 893 revera
601 828 726 890 invicem
742 837 857 890 tantum
877 825 1075 890 intercedunt.
1095 863 1132 876 -·
1152 826 1231 891 Tum

217 945 244 1008 si
266 955 401 1008 naturam
432 964 518 1008 casus
547 941 682 1019 secundi,
714 941 830 1030 qualem
852 942 1025 1030 Vangerow
1048 941 1105 1007 sibi
1132 941 1229 1020 finxit,

218 1061 350 1136 intueris,
376 1059 487 1136 eadem,
512 1080 587 1147 quae
610 1056 753 1147 Savignio
778 1071 808 1123 et
829 1056 1024 1134 Burcbardio,
1050 1059 1136 1124 venia
1160 1080 1232 1124 con·

218 1173 357 1241 donanda
380 1177 406 1240 ei
428 1197 491 1241 non
513 1187 567 1241 est.
598 1174 716 1240 Primus
733 1195 818 1240 casus
841 1177 916 1239 enim
940 1195 977 1239 nc
1000 1165 1085 1240 casus
1109 1173 1230 1240 secundi

218 1290 335 1379 quidem
352 1291 518 1356 illustrandi
534 1293 628 1378 gratia
645 1290 841 1356 aJustiniano
857 1289 955 1356 taliter
966 1279 1174 1380 adjici'potuit.
1191 1267 1227 1343 ’-

216 1405 415 1484 Postremum,
439 1428 515 1494 quae
538 1406 574 1472 de
596 1405 738 1470 beneficio
762 1405 902 1470 Novellae
925 1417 1030 1471 auctor
1052 1419 1155 1473 noster
1178 1429 1231 1494 ear·

216 1524 329 1608 posuit,
349 1522 418 1606 jam.
436 1513 558 1606 supra⁸)
582 1520 735 1585 attulimus
758 1534 788 1586 et
810 1520 1080 1608 comprobavimus.
1199 1563 1208 1575 ι

283 1635 317 1700 11.
353 1629 541 1718 Girtonncr⁹l
565 1638 749 1701 occasionem
769 1635 842 1722 legis
859 1657 897 1700 ex
912 1635 1010 1704 abusu
1033 1629 1228 1726 desumsitl⁰),

217 1771 303 1838 quern
328 1749 562 1840 obligationibus
585 1750 765 1816 corrcalibus
789 1773 843 1836 per
859 1752 1018 1817 creditores
1042 1756 1072 1817 in
1096 1751 1229 1819 fraudent

216 1865 333 1932 Noud
355 1866 480 1933 adhibiti
504 1870 693 1934 commissum
714 1890 777 1935 csse
799 1871 948 1956 opinatur.
996 1867 1055 1951 Qui
1078 1891 1149 1935 nuru
1172 1891 1229 1957 pro

215 1983 367 2048 verisimili
382 1981 537 2050 habendus
554 1987 601 2061 sit,
626 1983 683 2048 alio
700 1983 766 2048 loco
773 1977 803 2066 11)
828 1987 1050 2072 comperiemus,
1075 2007 1141 2051 curn
1158 2007 1228 2050 vero

217 2095 374 2164 Girtanner
384 2099 607 2188 Vangerovium
622 2123 684 2166 non
698 2103 838 2178 imitetur,
856 2103 908 2188 qui
923 2114 1057 2166 mutuam
1072 2100 1143 2167 dicit
1157 2101 1230 2168 fide·

6 2211 21 2260 l
211 2214 377 2300 jussionem
401 2218 487 2280 etiam
510 2217 555 2281 sic
576 2217 653 2282 iniri
673 2239 782 2303 posse,
812 2229 848 2282 ut
869 2212 942 2280 citt.
958 2213 1144 2284 barrideum
1167 2219 1227 2284 dno

214 2332 257 2395 rei
282 2331 475 2418 promittendi
506 2331 575 2397 iacti
603 2334 728 2397 invicem
756 2331 953 2411 intercedant,
984 2335 1060 2398 hanc
1089 2337 1114 2399 ci
1138 2356 1230 2423 quae·

215 2449 340 2514 ationem
364 2445 563 2526 obtendimus,
588 2449 741 2537 quomodo
765 2448 828 2514 fieri
851 2452 958 2536 possit,
983 2462 1018 2515 ut
1041 2446 1112 2516 att.
1129 2443 1229 2516 ὑπεύ·

214 2564 324 2641 θυνοι,
347 2585 424 2652 quos
448 2567 544 2652 primo
560 2567 592 2630 in
608 2587 678 2630 casu
692 2563 833 2630 Novellae
851 2563 968 2631 duabus
993 2565 1227 2656 obligationibus

215 2677 375 2744 obstrictos
399 2701 462 2744 esse
492 2679 577 2758 dicit,
609 2703 682 2745 voce
706 2684 758 2745 »in
782 2680 930 2746 solidum«
954 2682 1002 2747 vel
1029 2686 1228 2772 promissione

214 2792 302 2857 solidi
325 2793 439 2882 adjecta
462 2798 556 2860 correi
573 2808 688 2860 tantum
704 2792 830 2860 debendi
852 2796 924 2861 fiant
947 2797 977 2861 b.
995 2819 1019 2862 e.
1037 2820 1097 2864 una
1112 2812 1227 2866 tanturn

215 2906 396 2994 obligatione
414 2911 590 2975 teneantur?
618 2911 782 2998 Imperator
798 2912 874 2974 enim
893 2914 1120 2998 promissionem
1139 2916 1227 2981 solidi

214 3020 253 3086 od
276 3021 487 3111 obligationem
509 3027 699 3113 principalem
723 3047 784 3090 non
806 3029 971 3092 restrinxit.
992 3065 1028 3079 --
1046 3028 1143 3096 Porro
1161 3029 1228 3097 Gir·

213 3149 332 3217 tanner,
361 3161 399 3203 ne
422 3135 493 3204 citt.
508 3137 562 3206 ὑπ.
578 3140 667 3206 modo
691 3140 882 3229 fidejussores
911 3165 988 3222 csse,
1021 3144 1111 3212 modo
1140 3151 1228 3216 tacite

213 3253 392 3321 intercedere
416 3256 601 3336 viderentur,
631 3261 672 3323 ito
700 3260 893 3324 ratiocinatus
921 3272 980 3326 csta
1009 3264 1079 3350 quia
1102 3266 1133 3329 in
1156 3288 1228 3332 con·

212 3381 309 3436 tractu
335 3394 423 3438 nemo
447 3372 565 3439 debitor
592 3378 770 3463 praecipuus
801 3370 1145 3465 (urlaupceonerahenu)
1176 3382 1227 3449 de·

213 3485 355 3565 claratur,
383 3488 436 3556 sed
463 3493 589 3579 quisque
619 3494 806 3558 existimatur
832 3496 944 3581 negotii
971 3495 1133 3562 commodis
1167 3522 1225 3587 pro

211 3615 276 3668 rota
308 3603 416 3672 fruitus
451 3629 530 3685 csse,
565 3606 752 3674 Justinianus
787 3631 802 3673 e
836 3622 943 3675 natura
977 3612 1167 3702 obligationis
1196 3627 1226 3682 ct

210 3719 366 3786 voluntate
394 3725 523 3810 partium
552 3727 722 3804 constituit,
753 3736 788 3792 ut
819 3747 920 3793 omncs
943 3729 1145 3817 principaliter
1167 3752 1223 3818 pro

212 3839 426 3852 —-—-

265 3893 355 3961 oon.
375 3895 488 3966 trun
516 3928 550 3938 -
576 3897 599 3966 ⁷>
618 3867 700 3969 onsss
715 3899 756 3956 rs.
768 3900 787 3953 1.
800 3899 859 3955 rae
887 3931 922 3942 -
949 3901 971 3970 8)
990 3901 1039 3957 on.
1059 3901 1128 3972 515.
1142 3903 1188 3959 ιν.

263 3989 285 4059 ⁹)
305 3989 354 4048 etr.
374 3990 426 4064 58.
453 4024 487 4034 -
515 3995 548 4068 ¹⁰)
568 3996 694 4052 (iirtanner
711 3995 728 4052 l.
740 3997 757 4051 l.
776 4015 800 4070 p.
816 3997 875 4067 127,
888 3997 914 4053 2.
941 4029 975 4040 ·—
1002 4001 1035 4071 11)
1054 3999 1104 4056 cn.
1123 3999 1194 4074 526.
