2952 4556
243 456 362 520 aionem
390 452 553 518 Haloandri
588 451 710 540 perinde
743 473 777 515 ac
810 454 962 539 propriam
991 449 1121 516 stabilire
1153 454 1255 538 cupiit.

242 569 320 634 ldcm
344 567 498 633 dicendum
522 580 567 633 est
590 566 626 633 de
647 567 767 632 loliano
791 567 932 656 allegato,
957 580 1054 632 vetere
1078 565 1128 630 illo
1151 565 1257 652 Epito-

244 697 366 761 matore,
391 705 478 771 quem
501 682 636 770 Savigny
658 682 874 771 sibiopinatur
889 684 1089 748 testimonium
1105 679 1255 746 exhibere.

707 856 725 943 s
744 857 795 924 la.

619 992 882 1058 Continuatur.

238 1197 246 1215 ,
275 1225 279 1238 Ι
311 1146 443 1212 Primum
464 1142 636 1209 Haloaudro
660 1143 731 1208 hacc
755 1140 934 1230 opponenda
956 1163 1019 1209 esse
1043 1142 1186 1208 arbitror:

227 1293 252 1330 .-
333 1261 355 1324 1.
399 1258 488 1343 Quod
525 1257 563 1324 ad
597 1279 685 1323 voces
719 1254 792 1321 dit.
825 1254 878 1322 on.
913 1271 942 1322 ct
974 1254 1047 1322 ott.
1083 1256 1258 1323 δανεισθὲν

243 1379 380 1465 respicit:

233 1523 242 1566 ·.
293 1489 321 1556 l.
354 1490 524 1555 Haloander
552 1490 631 1554 illam
660 1511 721 1554 nou
747 1482 881 1554 accurate
906 1491 988 1554 »vice
1012 1501 1114 1570 mutua
1136 1489 1258 1575 fidejus-

231 1631 273 1666 e·
357 1628 460 1670 sores«
483 1605 645 1682 transtulit,
670 1607 722 1692 qui
744 1616 779 1668 ut
801 1604 1045 1691 significarentur,
1069 1604 1258 1694 Adjectivum

233 1709 268 1794 ι’
355 1717 567 1806 ἅλληλέγγυοι
592 1719 772 1798 suffecissct3

290 1838 320 1902 2.
355 1837 432 1901 hano
454 1849 551 1901 autem
576 1857 642 1900 cum
666 1835 845 1900 »alternante
861 1834 1071 1922 fidejussione«
1087 1834 1257 1914 reddiderit,

357 1973 459 2016 verum
486 1950 639 2036 fidejussio
671 1950 859 2015 »alternans«
890 1964 919 2016 et
948 1964 1051 2016 mutua
1073 1951 1160 2037 plane
1182 1952 1259 2016 inter

357 2088 388 2130 se
403 2087 463 2131 non
481 2059 684 2153 congruaut¹),
698 2065 821 2130 verbum
836 2058 1061 2152 o'liplsrysioc
1076 2087 1171 2153 neque
1187 2087 1259 2130 con-

357 2194 469 2246 stanter
483 2203 578 2268 ucque
593 2194 669 2246 recte
685 2183 783 2245 vertit.
814 2181 967 2248 Praeterea
982 2195 1079 2248 autem
1094 2179 1258 2246 Haloandri

356 2298 510 2362 translatio
527 2298 584 2361 alio
608 2299 681 2361 vitio
704 2295 830 2374 laborat,
855 2296 938 2385 quod
960 2290 1066 2379 infra²l
1090 2300 1183 2384 magis
1206 2318 1259 2383 ap·

356 2412 480 2499 parebit.

310 2528 344 2592 ll.
379 2528 542 2614 Imperator
565 2549 649 2591 casus
672 2525 813 2591 Novellae
841 2530 882 2591 ita
903 2531 1080 2614 proposuit,
1110 2538 1145 2591 ut
1169 2523 1259 2590 rerba

246 2646 297 2708 »in
325 2642 473 2707 solidum«
498 2643 535 2707 ad
558 2655 740 2708 contractum
764 2634 838 2705 cili.
861 2635 1061 2708 ὑπευθύνων
1083 2641 1259 2728 adjiciantur

246 2755 473 2842 (προςτεῧείη),
502 2770 637 2823 autnon
661 2757 847 2844 adjiciantur.
887 2756 1085 2840 Quamobrem
1109 2753 1182 2819 ott.
1204 2754 1259 2821 ὕπ.

244 2877 327 2938 »vice
356 2887 459 2938 mutua
485 2874 700 2960 fidejussores«
724 2897 785 2940 non
809 2886 894 2951 sunt,
924 2871 977 2938 scd
1001 2895 1117 2938 necesse
1140 2884 1186 2937 est
1209 2871 1260 2936 de·

243 2987 337 3054 bitum
369 2991 528 3076 principale
547 2993 608 3076 jam
638 2994 702 3077 ipsa
727 3013 799 3054 voce
823 2986 895 3052 dil.
917 2985 972 3054 ὑπ.
996 2992 1196 3066 contineatur,
1228 2986 1257 3052 id

245 3105 327 3190 quod
352 3103 497 3168 vocabulo
523 3103 748 3178 »ὑπεύθυνοςι
773 3109 859 3169 etiam
883 3108 954 3168 satis
979 3105 1178 3169 confirmatur.

309 3219 356 3282 Ill.
390 3219 523 3284 Primum
544 3218 684 3282 Novellae
707 3232 911 3306 praeceptum:
940 3224 966 3284 si
989 3213 1132 3283 daton.
1154 3221 1185 3283 in
1209 3240 1259 3283 so·

244 3331 336 3398 lidum
365 3355 425 3396 uon
457 3331 628 3417 adjecerint,
660 3356 781 3398 »ornnes
810 3357 848 3400 ex
876 3357 972 3422 aequo
1000 3339 1145 3400 actionem
1169 3336 1260 3400 susti·

244 3460 354 3512 uento«
379 3434 444 3512 cum
469 3447 606 3513 omnibus
618 3451 695 3536 juris
712 3451 821 3538 regulis
837 3463 993 3538 pugnaret,
1017 3452 1075 3515 nisi
1091 3447 1259 3514 Haloander

245 3566 329 3627 »viee
361 3576 463 3627 rnutua
491 3563 699 3650 fidejussores«
725 3587 739 3630 c
765 3565 864 3631 debito
888 3566 976 3632 simul
1000 3579 1152 3630 contracto
1176 3567 1259 3651 prin·

245 3679 377 3766 cipalitcr
407 3683 498 3743 teneri
528 3685 701 3768 accepisset,
736 3681 767 3745 id
798 3680 880 3768 quod
911 3685 989 3746 omni
1019 3703 1112 3769 paene
1141 3679 1259 3745 dubita·

244 3798 324 3860 tione
350 3808 438 3860 caret.
477 3795 531 3861 Sin
560 3812 657 3862 autem
685 3797 757 3862 haee
785 3811 889 3862 nostra
916 3801 1063 3885 suspicio,
1090 3798 1152 3885 jam
1176 3793 1256 3886 §pho

245 3907 458 3918 -η-

298 3953 319 4022 1)
343 3953 393 4008 cn.
412 3953 464 4024 μ.
480 3952 521 4009 12.
549 3984 583 3995 -
610 3953 632 4023 2)
657 3952 705 4008 oa.
725 3951 794 4024 sas.
808 3951 960 4020 sosani
