2952 4556
652 314 812 415 ...ll-

226 493 407 560 antecedenti
428 505 597 572 memorata,
621 505 699 558 recte
717 515 748 558 se
766 493 864 570 habet,
889 489 1058 559 Haloander
1080 493 1116 558 de
1131 505 1236 560 mutam

226 611 296 677 dato
321 608 412 692 (eoos
434 609 579 674 alienum«
601 647 637 659 -
659 608 760 696 »quod
783 609 840 674 sub
863 609 1024 674 alternante
1044 609 1236 696 fidejussione

226 727 372 792 creditum
390 721 467 808 est«)
484 719 663 814 cogitarit³),
682 725 765 812 quod
780 729 810 790 in
826 725 954 789 solidum
970 737 1022 789 aut
1037 727 1122 812 cujus
1132 737 1236 812 'partes

225 838 299 905 att
321 837 375 907 rire.
405 845 528 906 invicem
557 840 614 905 fide
643 862 697 905 sua
726 861 789 905 esse
808 842 962 927 jusserint.
1000 840 1101 928 ltaque
1125 844 1150 905 si
1174 843 1237 906 rico

224 969 327 1022 mutua
355 957 546 1043 fidejussores
575 968 707 1020 mutuam
736 959 887 1042 pecuniam
918 959 947 1019 in
978 978 1132 1020 commune
1158 975 1237 1021 rece·

222 1077 336 1160 perint,
367 1095 469 1138 vocem
493 1076 543 1137 »in
567 1070 715 1137 solidum«
740 1085 837 1137 autem
860 1093 921 1136 non
945 1070 1118 1160 adjecerint,
1142 1070 1238 1137 tusti-

223 1191 329 1253 nianus
345 1188 506 1253 secundum
521 1187 723 1254 Haloandrum
740 1190 902 1264 constituit,
919 1199 953 1252 ut
969 1209 1070 1252 omnes
1087 1207 1236 1274 exaequo

224 1307 367 1370 actionem
391 1306 536 1369 sustinere
559 1302 694 1368 debeant.
730 1302 788 1385 Qui
812 1307 883 1368 v'ero
907 1302 988 1391 apud
1002 1303 1154 1368 Romanos
1171 1323 1241 1367 mus

223 1430 309 1484 tuum
331 1418 519 1506 recipiebant,
545 1431 597 1482 aut
620 1415 756 1482 »verbis«
781 1431 833 1482 aut
856 1440 923 1482 »ree
949 1417 1072 1506 obligari
1089 1416 1235 1483 solebant.

225 1531 284 1615 Qui
313 1555 383 1597 »re«
414 1532 637 1620 obligabantur,
666 1545 758 1620 prout
781 1553 890 1620 aequas
915 1532 959 1598 vel
983 1533 1114 1596 diversas
1136 1525 1236 1626 partes

225 1645 316 1712 debiti
339 1651 502 1712 communis
525 1660 704 1735 receperant,
730 1650 759 1711 in
782 1668 891 1734 aequas
915 1660 968 1712 aut
990 1646 1121 1712 diversas
1137 1660 1237 1748 partes

223 1761 408 1827 tenebantur.
446 1763 554 1828 Mutua
580 1764 752 1848 fidejussio,
784 1775 819 1827 ut
840 1765 994 1839 novimus,
1026 1761 1236 1850 obligationem

222 1879 412 1965 principalem
435 1901 587 1966 nunquam
611 1891 790 1943 commutare
813 1883 914 1965 potuit
929 1878 975 1942 rel
990 1891 1099 1965 potest.
1134 1879 1236 1967 ltaque

222 1997 248 2058 si
275 1993 422 2059 debitores
446 2016 483 2059 ex
507 1999 602 2059 mutui
627 1995 746 2058 datione
768 2016 824 2082 pro
849 1992 974 2058 dirersis
997 1994 1133 2080 partibus
1155 2008 1236 2062 tene-

220 2121 324 2175 rentur
347 2122 377 2174 et
398 2113 521 2175 invicem
544 2123 642 2196 partes
665 2109 724 2174 fide
747 2131 802 2173 sua
824 2131 887 2174 esse
898 2110 1068 2195 jussissent,
1092 2109 1236 2176 lustinia·

221 2247 277 2290 uus
301 2225 397 2289 edicto
422 2223 600 2306 (eaetionem
623 2247 780 2313 exaequo
804 2221 1004 2305 sustinento«)
1023 2236 1083 2288 tam
1099 2239 1235 2291 naturam

220 2448 412 2537 turbassct⁴),
443 2467 473 2520 et
500 2456 573 2520 alter
601 2456 760 2543 fidejussor
782 2458 812 2521 in
836 2455 984 2520 duriorem
1009 2478 1126 2521 causam
1150 2457 1235 2523 adhi-

219 2570 352 2646 beretur,
382 2569 453 2635 dum
482 2570 556 2636 alter
578 2575 609 2635 in
632 2573 771 2636 leviorem
796 2593 955 2646 summam,
986 2593 1073 2659 quam
1098 2593 1173 2660 quae
1196 2572 1235 2638 ad

219 2708 301 2752 reum
324 2686 514 2773 principalem
538 2690 706 2773 pertineret,
731 2685 893 2752 obstrietus
909 2681 1026 2768 esset⁶).
1065 2686 1119 2752 Sin
1135 2700 1233 2753 autem

219 2822 327 2888 aequas
360 2814 459 2888 partes
487 2805 681 2888 recepissent,
709 2801 896 2866 lastinianus
924 2802 975 2865 illo
1006 2801 1102 2867 edicto
1131 2825 1234 2870 revera

219 2918 387 2991 statuisset,
419 2929 453 2980 ut
482 2929 585 2981 mutua
612 2917 764 3002 fidejussio
795 2938 851 3002 pro
882 2938 944 2981 non
973 2915 1048 2980 lacta
1071 2919 1233 2984 existimari

219 3029 347 3105 deberet,
372 3034 512 3119 quoniam
536 3031 575 3096 ob
598 3035 739 3119 pecuniae
760 3033 993 3095 numerationem
1005 3033 1066 3117 jam
1083 3053 1121 3096 ex
1136 3053 1232 3120 aequo

219 3150 362 3210 actionem
387 3149 581 3224 sustinerent3
605 3159 657 3212 aut
674 3149 699 3211 si
722 3168 784 3211 nou
807 3145 957 3222 edixisset,
983 3146 1035 3211 sed
1053 3148 1105 3234 jus
1121 3153 1233 3215 consti·

219 3258 433 3272 m-—u—

271 3301 293 3369 ⁸)
316 3302 400 3374 lpsum
420 3303 587 3357 lastinianum
606 3303 635 3357 dc
654 3312 741 3358 mutuo
763 3305 893 3376 cogitasse,
914 3302 1047 3356 lleimbach
1065 3304 1158 3358 Archiv
1175 3313 1230 3361 cett.

216 3397 233 3454 l.
245 3398 261 3454 l.
279 3417 304 3470 p.
317 3399 359 3455 68.
374 3399 408 3454 69
427 3417 526 3453 summo
540 3400 597 3471 jure
616 3400 646 3454 ob
666 3400 765 3454 verbum
782 3401 923 3456 δανεισθὲν
936 3403 1066 3456 annotavit.
1096 3402 1169 3467 Quod
1189 3404 1233 3476 qui

216 3494 356 3570 neglexerit,
374 3515 430 3551 eum
448 3499 507 3551 satie
526 3495 603 3552 elucet
619 3515 699 3569 neque
717 3515 836 3569 umquam
851 3499 880 3552 ad
892 3507 981 3553 rectam
994 3501 1175 3555 constitutionis
1187 3518 1232 3556 ex·

217 3593 366 3665 plicationem
389 3604 563 3666 perventurum
589 3612 654 3661 esse,
679 3613 754 3667 quare
776 3595 824 3650 tale
848 3596 907 3669 quid
926 3597 955 3652 ab
973 3597 1111 3654 Haloaodro
1129 3614 1232 3669 prorsus

217 3689 321 3746 alienum
339 3692 417 3746 fuisse
436 3692 565 3746 credimus.

268 3789 291 3857 ⁴)
316 3791 366 3846 cfr.
385 3789 524 3846 Pulenderf
538 3788 583 3845 ll
603 3789 674 3860 §Vl

268 3886 290 3955 ὅ)
313 3889 340 3942 L.
356 3887 380 3943 8.
402 3888 416 3959 5
429 3888 446 3942 7
465 3889 495 3942 de
513 3887 709 3959 fidejussoribus:
728 3888 813 3962 »quod
826 3891 847 3944 si
859 3889 950 3946 luerim
960 3891 986 3946 in
998 3889 1121 3948 dunorern
1133 3907 1231 3948 causam

214 3981 319 4052 adhibiti,
337 3983 430 4058 placuit
448 4002 490 4040 eos
509 3987 606 4041 ommno
624 4004 675 4042 non
693 3985 792 4062 obligari
810 3986 872 4042 rell.-
