2936 4554
657 327 818 428 -mr-

230 531 322 576 unum
345 512 376 574 in
399 509 527 576 solidum
550 506 813 574 condemnaturum
836 531 910 574 esse.
950 505 1040 593 Quod
1056 530 1121 575 eum
1137 511 1177 576 ita
1192 511 1241 588 sit,

231 625 383 715 quomodo
412 638 507 692 certae
535 629 665 713 partium
688 646 817 690 summae
840 626 878 692 ab
901 627 989 691 initio
1009 629 1070 712 peti
1092 625 1243 713 possunt?

231 741 314 826 Quae
343 745 368 808 si
396 755 474 807 reete
499 754 684 828 peterentur,
713 740 876 828 Imperator
904 740 1059 820 edixisset,
1089 755 1124 806 ut
1147 741 1244 827 judex

229 859 309 924 ultra
340 861 431 946 petita
464 861 571 923 actoris
600 857 700 946 egredi
728 855 857 922 deberet.
902 857 1058 923 Actionem
1087 869 1184 923 autem
1211 859 1243 922 in

230 974 358 1040 solidum
388 987 491 1039 eontra
514 995 615 1040 omnes
639 995 759 1040 eorreos
781 976 947 1038 institutam
971 973 1109 1038 omnihus
1131 974 1245 1038 eventi·

229 1088 287 1155 bns
302 1090 482 1178 respondere
503 1090 562 1154 alio
579 1083 685 1171 loeo¹⁵)
700 1088 904 1178 probavimus.
943 1089 1130 1155 Postremum
1146 1100 1244 1155 autem

230 1204 322 1272 verba
344 1204 567 1290 »ἐκπληρῶσαι
590 1206 725 1270 ἕκαστον
742 1205 788 1280 εἷς
809 1199 845 1270 τὸ
870 1204 990 1270 οῑνιῖον
1011 1207 1107 1292 μέρος
1129 1199 1165 1269 τὸ
1182 1197 1245 1268 α’ἒι-

230 1319 411 1407 ληλιγνύως
440 1319 631 1397 δανεισθὲν,
659 1317 696 1398 ἐξ
724 1312 825 1404 οὕπερ
854 1317 938 1395 ὅλως
966 1317 1074 1403 ἔνοχοι
1096 1320 1246 1401 γεγόνασι

231 1439 288 1500 ναὶ
320 1431 363 1521 μὴ
398 1430 435 1500 τὸ
465 1438 576 1503 sulvus
604 1437 698 1518 χρέος
725 1433 811 1500 ἴδιόν
838 1456 924 1510 τινος
950 1438 1092 1515 γινέσθω
1121 1433 1245 1522 pulpos«

233 1550 410 1631 ostendunt,
433 1553 644 1640 Imperatorem
669 1552 726 1618 sibi
748 1551 874 1639 fingere,
904 1555 1075 1639 petitionem
1099 1552 1136 1618 ab
1159 1554 1244 1618 initio
1302 1621 1305 1624 ,

232 1671 263 1735 in
285 1681 383 1734 totum
407 1668 538 1734 debitum
555 1669 587 1734 h.
603 1690 628 1732 e.
645 1670 676 1732 in
692 1667 821 1733 solidum
837 1681 1007 1756 conceptam
1024 1666 1124 1733 fuisse.
1159 1667 1244 1745 Nam,

234 1798 268 1850 nt
289 1777 419 1872 supra¹⁶l
442 1787 681 1861 memoravimus,
706 1784 797 1850 verba
821 1785 976 1850 »isauron
997 1784 1043 1862 εἰς
1065 1779 1102 1848 τὰ
1127 1784 1246 1849 oleatus

231 1902 348 1986 ploos«
372 1901 524 1988 superfluo
548 1913 647 1966 essent
668 1900 791 1987 adjecta,
815 1904 839 1966 si
864 1899 1039 1968 eruditorem
1060 1899 1098 1965 ab
1113 1903 1199 1965 initio
1214 1903 1246 1964 in

233 2029 333 2104 portes
362 2037 448 2105 agere
471 2029 639 2103 oporteret,
671 2029 759 2104 atque
782 2039 849 2082 oum
871 2020 912 2083 rei
935 2013 972 2081 ιό
994 2016 1171 2084 δανεισθέν
1193 2037 1247 2081 ex·

232 2132 313 2220 plere
336 2131 471 2209 debeant,
494 2132 578 2220 quod
600 2145 697 2198 totum
721 2132 853 2198 debitum
876 2156 939 2198 esse
963 2147 992 2200 et
1007 2132 1130 2198 verbum
1148 2135 1245 2220 ipsum

233 2260 262 2313 et
278 2251 462 2314 enuntiatum
479 2252 552 2313 »καὶ
563 2287 581 2296 -
591 2245 713 2334 βάροςι
731 2247 901 2326 ostendunt,
926 2253 1128 2338 consequitur,
1149 2261 1247 2315 totum

234 2362 366 2430 debitum
396 2369 521 2452 petitum
550 2387 623 2430 esse.
670 2363 726 2430 Sin
753 2387 825 2430 vero
855 2377 953 2431 totum
981 2364 1112 2431 debitum
1135 2368 1248 2453 petitur

234 2479 271 2546 ab
296 2479 444 2559 omnibus,
468 2495 567 2570 partes
589 2494 696 2560 autern,
721 2503 797 2570 quae
820 2480 980 2547 solvendae
1002 2493 1081 2561 sunt,
1106 2504 1166 2546 non
1191 2483 1248 2547 nisi

232 2618 427 2684 personarum
442 2601 664 2664 enumeratione
685 2597 933 2676 demonstrantur,
950 2597 1106 2664 formulam
1123 2598 1247 2662 aetionis

234 2711 355 2788 diuisae,
380 2711 416 2777 de
439 2734 498 2799 qua
520 2716 645 2800 agimus,
670 2713 707 2777 ab
728 2715 907 2800 lmperatore
931 2715 1089 2800 significari
1113 2724 1245 2801 apparet.

233 2826 335 2913 Atque
356 2829 398 2891 ita
422 2847 596 2913 persuasum
618 2826 707 2892 nobis
730 2826 890 2904 habemus,
917 2833 1090 2894 sententiam
1113 2841 1246 2894 nostram

235 2945 265 3006 iu
289 2963 390 3007 omnes
413 2955 512 3029 partes
537 2943 737 3007 confirmatam
761 2963 833 3007 esse.
865 2979 897 2990 -

303 3055 392 3140 Quod
407 3057 446 3122 ad
461 3057 650 3123 conditiones
665 3061 778 3136 attinet,
798 3056 854 3123 sub
871 3057 980 3146 quibus
995 3058 1169 3124 beneficium
1184 3057 1248 3124 No-

236 3173 326 3239 vellae
346 3173 443 3251 datur,
467 3195 554 3238 nemo
575 3187 664 3262 negat
684 3176 804 3261 requiri,
828 3187 864 3239 ut
882 3174 987 3262 reliqui
1009 3172 1158 3240 debitores
1180 3199 1247 3241 vere

235 3291 340 3367 correi,
355 3302 584 3378 praesentesque
599 3303 630 3355 et
640 3289 784 3356 solvendo
797 3292 866 3368 sint,
883 3290 914 3355 id
929 3291 1021 3378 quod,
1038 3313 1102 3355 eum
1119 3290 1249 3358 ereditur

235 3426 476 3493 unumquemque
489 3405 595 3493 eligere
605 3410 713 3493 possit,
727 3427 829 3471 omnes
840 3408 933 3494 igitur
945 3406 1089 3495 »reliqui«
1101 3407 1164 3473 fieri
1176 3430 1249 3495 pos·

236 3520 346 3598 sint,ad
363 3543 464 3586 omnes
483 3525 621 3608 pertinet.
651 3521 686 3586 de
704 3515 901 3604 Sehroeter¹⁷l
918 3521 1091 3588 beneficium
1107 3522 1248 3590 Novellae

236 3636 409 3702 abenefieio
426 3637 581 3702 divisionis
597 3641 762 3724 praesentia
778 3637 894 3703 differre
910 3639 1072 3705 arbitratus
1088 3653 1142 3715 est,
1159 3661 1248 3728 quam

236 3774 302 3817 oum
313 3774 352 3818 ex
362 3753 421 3818 hoe
431 3775 534 3818 revere
547 3752 706 3818 desiderari
717 3753 894 3820 arbitremur
908 3755 998 3843 idque
1009 3754 1114 3820 dooere
1126 3754 1247 3820 studue-

291 3905 324 3974 ²⁵)
347 3908 381 3962 V.
400 3907 459 3962 diss.
478 3925 557 3963 meam
574 3907 591 3962 l.
610 3907 680 3979 531·
692 3909 735 3965 49·
749 3911 792 3966 50·
820 3941 854 3952 -
883 3910 916 3980 ²⁰)
934 3909 968 3965 V·
987 3909 1057 3981 538·

291 3994 324 4063 ¹⁷)
349 3994 378 4050 ‹le
396 3996 524 4052 Schroeter
540 3996 585 4051 l.l.
603 4015 628 4068 p.
640 3997 701 4052 443.
