2952 4556
638 299 800 402 Q

213 480 304 548 modo
334 483 493 568 scriptores
521 474 680 562 Romani⁵)
707 474 856 547 infinitivo
885 481 1044 559 historico,
1078 484 1127 548 usi
1155 485 1224 561 sint,

213 609 248 662 ut
262 597 474 661 Accusativum
494 619 560 661 cum
582 596 732 661 infinitivo
755 595 858 684 utiquo
881 621 899 662 a
921 620 994 664 voce
1017 621 1157 684 expressa
1180 597 1226 664 vel

214 733 376 801 suppressa
403 711 577 800 pendentem
604 711 734 780 iecerint.
774 710 857 795 Quas
885 736 951 779 cum
974 718 1016 780 ita
1038 717 1107 791 sint,
1131 709 1227 798 »ἡμῖν

215 826 323 893 dones«
347 851 362 894 e
382 831 536 916 prooemio
562 828 607 894 rel
630 825 868 913 »θεσπίζομενι
891 827 999 895 eNor.
1017 827 1069 895 99.
1094 850 1119 892 c.
1134 829 1157 893 1.
1174 826 1222 913 §1

213 946 245 1009 in
276 947 373 1032 primo
402 965 473 1008 casu
500 944 623 1033 perinde
651 957 740 1033 atque
769 949 800 1010 in
828 946 958 1012 secundo
987 967 1006 1008 a
1032 943 1225 1010 Heimbachio

213 1071 291 1125 recte
314 1059 502 1136 subauditur,
525 1061 593 1126 licet
610 1060 723 1138 Graeci,
748 1061 831 1148 quod
854 1074 885 1128 et
905 1060 1020 1150 legibus
1042 1060 1228 1148 psephisma·

213 1173 487 1264 insequentidus,
511 1188 541 1242 ct
562 1178 673 1264 primae
696 1177 833 1243 ecclesiae
854 1176 1027 1255 canonibus,
1051 1187 1081 1241 et
1094 1159 1226 1241 Novellis
1309 1171 1311 1176 ’

213 1289 428 1378 Imperatorum
457 1292 595 1371 docetur,
631 1313 720 1358 voces
748 1293 813 1358 illas
840 1295 872 1358 in
900 1292 1015 1380 legibus
1044 1292 1226 1378 supprimere
1272 1367 1279 1380 .

215 1405 290 1472 adeo
314 1406 395 1470 soliti
417 1409 494 1482 sint,
524 1420 560 1471 ut
580 1408 778 1474 Accusativus
801 1429 867 1472 eum
889 1407 1037 1474 infinitivo
1058 1407 1226 1496 imperativi
1275 1381 1281 1392 ¹

215 1523 308 1588 vicem
333 1524 453 1586 omnino
477 1515 652 1605 obtineat⁶).
1144 1519 1148 1526 ’

281 1637 351 1702 ldeo
374 1636 561 1702 Justinianns
583 1660 644 1705 nou
668 1637 833 1725 descripsit,
860 1637 913 1702 sed
936 1639 1099 1715 constituit,
1123 1651 1227 1726 quam
1276 1613 1280 1625 “

216 1751 318 1818 obrem
345 1775 425 1818 nunc
452 1775 487 1817 ea
515 1766 687 1842 argssmenta
714 1753 895 1842 inspicienda
921 1765 1006 1832 sunt,
1037 1774 1112 1841 quas
1134 1753 1227 1818 Halo·

217 1861 341 1952 andro⁷)
366 1871 574 1956 opposuimus.
1214 1865 1224 1880 ⁴

281 1983 333 2050 IV.
367 1983 412 2049 De
440 1983 570 2049 secundo
592 1982 734 2051 Novellae
760 1997 918 2074 praecepto
948 1984 986 2052 ad
1012 2007 1046 2050 ea
1073 2005 1129 2051 nos
1151 1981 1201 2050 rei
1213 2019 1227 2035 -

215 2103 317 2194 rimus,
341 2121 418 2190 quae
441 2123 532 2188 supra
554 2104 759 2188 exposuimus,

251 2214 281 2284 1.
304 2216 387 2306 quod
409 2217 448 2282 ad
474 2229 608 2283 naturam
636 2229 756 2284 mutuae
783 2217 984 2304 fidejussionis
1008 2229 1038 2283 et
1060 2237 1136 2306 quae
1157 2215 1226 2283 iude
1260 2215 1262 2222 ’

306 2355 323 2398 a
346 2332 489 2420 Savignio
513 2326 725 2416 derivantur⁸),

250 2447 282 2516 2.
305 2448 389 2537 quod
417 2449 456 2513 ad
476 2449 529 2535 jus
552 2450 706 2515 creditoris
729 2472 817 2540 quem
841 2449 911 2516 velit
933 2448 1101 2516 debitorum
1123 2451 1154 2513 in
1177 2467 1227 2512 so·

304 2565 397 2630 lidum
420 2558 576 2652 eligendi⁹)
600 2570 713 2632 attinet
752 2565 927 2656 Sarignium
942 2565 1016 2631 saiso
1032 2567 1225 2641 existimasse,

304 2703 368 2758 reo,
392 2683 445 2769 qui
467 2682 602 2769 eligatur,
620 2682 799 2768 postulante
821 2703 922 2747 omnes
945 2681 984 2747 ad
1005 2680 1131 2746 eundem
1144 2677 1228 2766 judi·

216 2793 430 2803 ...ι-

270 2835 292 2905 ὖ)
316 2835 365 2890 Gir.
383 2836 489 2908 Madvig,
508 2836 561 2890 Lat.
575 2835 738 2907 Sprachlehrc.
756 2833 1007 2890 Braunschw.1844.
1027 2833 1115 2904 5392.

270 2933 292 3002 θ)
316 2932 438 2999 Matthiae,
457 2933 531 2988 Ausi.
545 2934 638 2988 (iriech.
653 2931 809 2987 Grammatils.
829 2931 853 2985 3.
866 2932 934 2986 suu.
953 2933 1034 3001 Leipz.
1049 2929 1124 2986 1835.
1137 2929 1167 2984 11.
1177 2929 1226 2985 Th.

218 3029 307 3101 5546.
324 3029 359 3084 lit.
372 3030 396 3084 b.
413 3031 439 3083 in
455 3029 511 3084 fine.
539 3029 589 3084 uu.
607 3029 764 3101 Xenophont.
782 3027 903 3083 Hellenica
920 3028 968 3096 (cd.
980 3027 1095 3094 Diodori)
1113 3027 1131 3080 1.
1145 3027 1170 3080 7.
1183 3026 1227 3082 20.

218 3125 299 3182 Schol.
317 3127 348 3180 ad
365 3126 491 3197 Aristoph.
508 3125 572 3180 Eccl.
587 3126 663 3182 1089.
682 3125 857 3181 Demosthenes
874 3126 900 3178 in
917 3126 1035 3178 Aristocr.
1054 3123 1102 3193 (cd.
1115 3123 1227 3178 Wcstcr·

218 3225 303 3291 mann)
325 3222 400 3294 520.
418 3222 461 3278 28.
478 3222 520 3278 37.
539 3224 582 3278 44.
600 3225 642 3278 51.
661 3221 703 3278 53.
722 3223 765 3278 60.
783 3221 825 3277 62.
842 3222 885 3278 87.
915 3221 1034 3293 Ulpianus
1052 3222 1083 3275 ad
1100 3221 1227 3276 Demosth.

219 3320 318 3394 Olynth.
330 3321 349 3374 1.
362 3337 387 3392 p.
400 3321 441 3374 14.
467 3321 607 3376 Andocides
619 3321 762 3393 deidyster.
775 3320 790 3391 §
802 3319 925 3374 73-79.
936 3319 978 3375 87.
988 3319 1031 3375 96.
1060 3319 1148 3374 Consil.
1163 3319 1227 3374 Con·

218 3421 348 3491 mantinop.
366 3417 384 3473 1.
401 3437 421 3473 c.
431 3417 456 3472 2.
466 3417 491 3473 3.
510 3418 575 3488 (ride
587 3419 695 3473 Richter:
713 3416 801 3472 Lehrb.
814 3418 837 3472 d.
850 3417 940 3473 kathol.
953 3436 979 3472 u.
993 3417 1098 3490 cvangci
1111 3416 1228 3472 Kisthen-

218 3515 305 3570 rcchts.
324 3515 350 3570 2.
362 3515 431 3570 Auo.
449 3517 531 3588 Leipz.
546 3515 621 3572 1844.
640 3515 710 3586 518.
729 3533 754 3569 n.
769 3516 791 3568 l.
804 3514 830 3568 2.
861 3515 1016 3571 Cottelerius:
1035 3515 1080 3571 SS.
1092 3516 1166 3581 Patr,
1185 3515 1229 3587 qui

163 3673 167 3684 ,
218 3619 293 3685 temp.
306 3612 408 3685 apostol.
419 3613 526 3680 donner..
543 3631 599 3685 opp.
611 3611 748 3666 Amstelod.
760 3612 836 3667 1724.
849 3631 873 3685 p.
883 3614 944 3670 450.
959 3631 1009 3668 can.
1020 3613 1062 3668 67.
1072 3621 1151 3685 apost.
1161 3611 1228 3666 verb.

218 3707 256 3783 poi
273 3713 370 3775 ἱξεῖναι
386 3719 440 3766 cett.
460 3741 494 3752 -
511 3711 577 3765 Nor.
590 3711 657 3766 Just.
668 3711 691 3764 l.
704 3727 740 3781 pr.
754 3709 768 3780 §
779 3710 802 3764 1.
815 3709 882 3765 verb.
894 3710 1012 3766 τοσοῦτον
1023 3709 1073 3764 rell.
1086 3719 1111 3765 ct
1123 3713 1160 3764 Ei
1170 3709 1199 3764 δὲ
1212 3709 1229 3777 ἢ

220 3807 273 3862 reli.
291 3807 356 3862 Nor.
372 3808 412 3864 18.
432 3828 452 3863 c.
465 3809 490 3864 9.
508 3807 579 3863 Noc.
590 3807 634 3862 49.
651 3826 672 3862 c.
685 3808 709 3862 1.
727 3806 792 3862 Nor.
805 3807 848 3862 64.
867 3825 887 3862 c.
903 3808 925 3861 l.
939 3805 1006 3862 verb.
1022 3808 1068 3862 sei
1080 3806 1166 3882 ὅπερ
1178 3804 1229 3860 ccli.

221 3901 291 3960 Noc.
304 3906 364 3960 156.
382 3926 404 3962 c.
416 3905 441 3960 1.
458 3906 524 3960 Nos.
536 3905 626 3960 Leonis
638 3903 674 3960 30
690 3904 758 3960 verb.
776 3907 847 3962 sirus
863 3908 989 3976 peperisse
1005 3902 1056 3958 rell.

274 4003 297 4071 τ)
321 4003 355 4057 V.
373 4003 444 4073 §sa
457 4003 498 4058 111.
527 4033 561 4045 -
587 4004 611 4072 ⁸)
633 4003 667 4057 V.
686 3999 756 4072 §lu
783 4031 819 4044 -
844 4001 867 4067 ο)
888 4002 922 4056 V.
941 3999 1011 4071 514.
1024 4001 1069 4056 lv.
1080 3999 1106 4057 2.
