2952 4556
743 341 776 388 Vl

678 405 839 420 m

253 528 319 598 qua
337 507 516 576 sentcntiae
534 513 708 574 auctorum
727 501 965 586 describuntur,
986 501 1145 574 dimittere
1162 503 1264 588 licuit,

253 631 405 723 quamvis
437 629 633 698 recentiores
666 627 729 696 bac
760 630 794 694 in
821 649 855 696 re
882 624 949 695 lere
981 648 1095 697 omnes
1124 625 1265 698 Gustavi

251 753 372 823 Asveri
390 751 509 822 studiis
529 751 643 822 conlisi
665 752 740 820 sint.
773 748 838 819 Sed
859 749 1015 833 historia,
1042 773 1142 844 quam
1159 751 1265 822 Asve-

251 899 311 948 rns
332 878 536 968 conscripsit,
556 897 659 967 neque
679 896 791 944 omncs
809 873 849 944 de
863 873 1001 945 Novella
1020 878 1200 946 sententias
1214 897 1264 946 rc·

251 1001 343 1086 tulit,
368 1022 488 1093 neque,
514 1020 597 1091 quas
618 999 744 1083 attulit,
771 1020 827 1068 cas
852 1001 886 1068 in
912 1022 1024 1070 omncs
1044 1011 1157 1092 partes
1176 1013 1264 1071 recte

253 1125 439 1217 explicavit.
473 1122 609 1193 Omnem
628 1144 742 1193 euram
761 1125 885 1194 notioni
904 1126 996 1194 vocis
1021 1123 1265 1212 »superpone

251 1250 453 1319 tattonem«
487 1247 646 1318 eruendae
677 1246 809 1332 habuit,
844 1247 902 1319 sed
935 1246 1142 1333 beneficium,
1176 1249 1263 1342 quod

252 1373 373 1467 singuli
391 1375 570 1465 scriptores
588 1371 799 1464 profitentur,
819 1394 921 1464 paene
939 1372 1094 1466 neglexit
1129 1371 1264 1444 Glossa-

250 1510 362 1569 torum
380 1508 413 1569 et
432 1497 731 1568 commentatorum
751 1499 930 1567 sententias
948 1501 1044 1589 parvi
1064 1499 1262 1583 aestimarit,

251 1623 375 1693 Bartoli
402 1634 434 1693 ct
459 1621 606 1692 balduini
639 1624 805 1714 opiniones
833 1624 1017 1714 ignoravit,
1051 1622 1264 1716 Roncbcgalli

251 1759 284 1818 ct
301 1747 424 1846 bonelli
449 1749 629 1818 sententias
656 1769 828 1840 perperam
847 1747 1017 1817 intellexit
1057 1746 1168 1839 Neque
1187 1770 1264 1818 con·

250 1875 403 1943 tinentiae
421 1875 590 1942 variarum
608 1875 692 1942 inter
712 1892 749 1941 sc
768 1874 1004 1942 sententiarum
1027 1873 1188 1942 rationem
1204 1872 1263 1944 ha·

250 1996 338 2081 buit,
362 2018 467 2088 neque
492 1995 623 2087 aliquod
648 1995 794 2066 studium
818 1993 917 2066 rebus
941 1996 1180 2090 investigandis
1204 2000 1263 2068 im·

250 2121 375 2216 pendit,
401 2143 484 2212 quac
503 2141 617 2190 carum
635 2119 902 2210 proferendarum
923 2123 1129 2192 occasionem
1149 2133 1263 2193 aucto·

250 2245 352 2317 ribus·
371 2244 556 2316 obtulerint.
596 2244 727 2315 Minime
748 2255 858 2315 tamen
882 2244 1034 2318 laudibus
1057 2245 1157 2340 hujus
1183 2250 1263 2318 scri·

249 2374 355 2463 pteris
381 2369 583 2440 obtrectator
609 2371 787 2454 exsistam,
819 2371 875 2462 qui
901 2371 1028 2461 primus
1061 2373 1206 2441 omnium
1232 2382 1264 2442 et

250 2507 326 2566 ante
343 2495 445 2566 libros
466 2493 569 2564 editos
587 2493 704 2564 Kelleri
726 2494 764 2564 de
784 2494 1090 2566 litisoontestationc
1109 2507 1142 2565 ct
1159 2518 1195 2564 re
1207 2497 1263 2591 ju·

251 2620 359 2691 dicata
377 2630 476 2711 atque
489 2617 711 2710 Ribbentropii
731 2619 769 2689 de
786 2619 1040 2713 obligationibus
1060 2619 1260 2692 eorrealibus

251 2744 472 2816 difficillimum
489 2743 590 2838 bujus
610 2743 837 2835 descriptionis
856 2767 977 2815 munus
996 2745 1142 2816 subierit

320 2868 441 2939 Deinde
455 2868 541 2960 quod
554 2879 683 2960 partem
697 2871 843 2939 criticam
857 2879 995 2962 spectat,
1010 2893 1110 2963 quum
1123 2881 1262 2942 naturae

248 2993 478 3088 fidejussionis,
495 3016 594 3086 quam
608 3005 739 3078 vocant,
753 3005 898 3072 mutuae.
911 3006 984 3066 tum
998 3017 1097 3087 quam
1111 2995 1260 3088 plurimis

248 3118 514 3189 adversariorum
540 3117 725 3190 rationibus
750 3118 944 3212 indagandis
973 3130 1005 3190 et
1031 3122 1115 3191 satis
1148 3120 1261 3215 dijudi-

249 3242 362 3314 candis
388 3242 533 3313 studium
558 3241 807 3334 impendendum
831 3242 893 3314 luit
925 3247 1191 3330 exactissimum,
1219 3268 1260 3316 ne

249 3368 419 3459 cuiquam,
443 3368 484 3437 iis
502 3364 689 3438 inconsulto
713 3367 858 3460 rejectiS,
883 3368 984 3440 stulte
1003 3392 1042 3441 ac
1060 3381 1197 3455 temere,
1222 3380 1262 3440 ut

247 3492 327 3562 mihi
344 3495 409 3584 ipsi
425 3491 506 3561 fides
525 3490 710 3577 haberetur,
730 3492 899 3585 postulare
919 3494 1055 3565 viderer.

317 3617 619 3709 Interpretationcm
637 3617 792 3688 Novellae
818 3621 852 3688 in
876 3621 941 3689 tria
968 3623 1077 3712 capita
1102 3610 1259 3712 disposui.

246 3744 355 3812 Primo
375 3745 592 3835 grammatica
609 3742 785 3835 explicatio
803 3747 975 3836 prooemii,
997 3747 1145 3838 priorum
1162 3749 1260 3816 inter·

246 3878 376 3959 pretum
401 3869 568 3937 sententiis
589 3867 755 3953 refutatis,
782 3871 963 3961 suscipitur
981 3880 1014 3939 et
1030 3873 1158 3940 iuterna
1176 3891 1260 3961 quae

245 3990 344 4062 fuerit
369 3993 454 4063 ratio
473 3989 556 4062 Nov.
572 3989 622 4064 99
649 4015 725 4064 cum
742 3993 865 4066 Nov.4
885 3994 1128 4089 conjungendae
1148 4006 1257 4066 osten·
