2936 4554
712 349 873 453 „ma-

285 543 399 599 tantum
428 543 458 598 et
484 531 534 598 bie
562 531 714 620 superfluo
737 531 813 598 idem
842 531 994 620 peridem
1022 531 1216 612 reddidisset,
1246 533 1306 600 sed

285 651 372 714 etiam
395 640 512 714 sibimet
533 651 591 736 ipsi
615 646 853 714 contradixisset
887 645 966 714 lium
989 651 1066 713 enim
1089 649 1190 735 paullo
1213 663 1305 716 antea
1439 687 1440 720 1

285 763 458 832 creditorem
481 775 585 830 eontra
608 763 740 851 reliquos
763 783 849 850 agere
866 762 970 867 Jpssit,
993 765 1019 829 si
1042 767 1129 830 ceteri
1153 765 1302 830 solvendo

285 881 345 946 sint
368 892 397 945 et
415 891 588 976 praesentes
612 847 881 961 (eeoee‘ntcaht
905 881 960 942 acal
981 875 1215 964 ἐνδημοῦσι),
1235 883 1302 970 jam

284 993 362 1060 idem
384 1007 530 1083 repeteret
552 993 667 1060 serbis:
697 997 740 1058 »si
764 997 805 1060 ita
828 1015 860 1059 se
882 1015 930 1059 res
953 993 1061 1070 habere
1083 995 1239 1074 videnum
1263 1009 1303 1061 ut

285 1122 316 1175 et
337 1131 438 1175 omnes
462 1109 504 1174 illi
526 1108 671 1176 solvendo
695 1111 756 1174 sint
782 1121 812 1175 et
839 1112 870 1174 in
897 1131 958 1174 rem
982 1123 1166 1198 praesentem
1190 1132 1302 1176 conve·

284 1224 341 1290 niri
364 1236 504 1312 queant«.
540 1223 601 1290 Sed
624 1238 776 1312 praeterea
799 1245 901 1290 »esse«
926 1237 956 1290 et
977 1247 1062 1290 »esse
1083 1223 1197 1291 videri«
1220 1225 1301 1290 idern

284 1361 346 1405 non
369 1339 544 1428 significant.
583 1321 659 1407 Cum
682 1344 759 1406 enim
783 1338 819 1405 de
842 1341 956 1405 actione
978 1341 1161 1406 instituenda
1183 1355 1299 1420 agatur,

284 1454 321 1520 de
350 1455 495 1522 creditore
525 1459 616 1544 igitur
648 1468 678 1522 et
707 1454 893 1521 debitoribus
922 1455 1111 1522 solummodo
1141 1455 1302 1545 disceptari

283 1575 397 1659 possit,
433 1574 565 1651 cuinam,
596 1575 654 1638 nisi
682 1571 836 1650 creditori,
866 1570 966 1637 idonei
996 1570 1129 1638 wideri«
1159 1571 1301 1661 possint?

283 1686 326 1753 At
347 1709 418 1753 num
442 1710 481 1753 ex
502 1687 656 1754 creditoris
680 1691 866 1776 cognitione,
889 1688 936 1752 rel
959 1689 1062 1774 potins
1084 1709 1122 1754 ex
1142 1687 1299 1753 creditoris

284 1801 407 1868 arbitrio
431 1802 645 1870 decernendum
664 1807 713 1881 sit,
737 1815 884 1892 quatenns
900 1805 1027 1891 quisque
1042 1803 1157 1869 solvere
1172 1802 1301 1870 debeat?
1439 1857 1440 1860 η

283 1917 405 1984 Minime
427 1921 573 2008 gentium!
610 1920 708 1985 Porro
733 1940 819 2007 quem
844 1921 874 1984 in
896 1919 984 1986 finem
1008 1918 1103 2007 judici
1125 1921 1298 2006 imperatur,

283 2048 319 2101 ut
347 2035 384 2100 de
407 2034 596 2102 facultatibus
624 2057 743 2102 reorum
766 2035 919 2124 inquirat?
955 2033 1034 2100 Num
1056 2035 1148 2100 bocce
1170 2035 1299 2100 edictum

284 2173 319 2216 eo
342 2151 434 2230 redit,
464 2164 499 2216 ut
521 2154 664 2217 actionem
689 2150 859 2228 creditoris,
883 2154 908 2215 si
931 2150 1001 2237 plus
1023 2153 1155 2238 petierit,
1179 2152 1300 2237 rejicere

284 2265 413 2333 debenti
451 2265 512 2333 Sed
534 2266 614 2332 bona
642 2267 716 2333 fides
744 2290 806 2332 non
829 2269 958 2355 patitur,
988 2279 1023 2332 ut
1050 2279 1134 2332 tanta
1159 2265 1300 2332 creditori

284 2384 392 2470 injuria
421 2385 579 2470 irrogetur.
620 2382 701 2467 Quid
729 2385 823 2460 enim,
848 2381 931 2471 quod
954 2383 994 2458 is,
1026 2384 1076 2469 qui
1102 2403 1171 2448 reos
1193 2385 1225 2446 in
1247 2404 1301 2446 so-

283 2496 376 2562 lidum
400 2495 549 2582 obligatos
573 2494 694 2573 lrabeat,
723 2511 857 2563 accurate
881 2498 1036 2585 explorare
1059 2511 1199 2585 cogatur,
1223 2518 1301 2585 qua·

283 2625 370 2678 tenus
394 2613 520 2698 quisque
543 2609 686 2676 solvendo
711 2615 764 2690 sit,
788 2625 893 2701 atque,
918 2615 944 2678 si
966 2633 1066 2678 errore
1087 2611 1228 2678 inductus
1250 2613 1300 2678 vel

285 2727 355 2793 dolo
385 2724 553 2792 debitorum
583 2727 722 2814 deceptus
751 2731 781 2792 in
811 2731 930 2794 minima
961 2740 1045 2815 parte
1071 2727 1140 2814 plus
1170 2729 1299 2815 petierit,

284 2844 456 2931 repellatur,
487 2844 554 2909 licet
580 2865 617 2908 ne
638 2855 736 2909 totum
760 2843 878 2931 quidem
902 2843 1034 2909 debiturn
1056 2865 1075 2907 a
1097 2843 1222 2931 singulis
1244 2861 1300 2906 ex·
1437 2917 1438 2924 ἵ

284 2959 397 3048 egerit?
434 2958 513 3024 Num
536 2961 576 3024 ita
600 2963 757 3025 conventio
781 2961 893 3025 servari
916 2957 1025 3024 debet?
1047 2979 1118 3023 num
1141 2961 1182 3024 ita
1205 2955 1299 3022 debiti

284 3078 399 3140 exactio
422 3075 510 3140 simul
528 3075 624 3162 justo,
648 3075 736 3140 simul
758 3076 889 3163 legitimo
911 3075 1054 3163 procedet
1076 3073 1204 3140 ordine?
1238 3073 1299 3138 Mi·

283 3190 374 3255 nime!
403 3188 481 3254 Num
504 3203 576 3277 post
598 3193 770 3256 sententiam
790 3191 886 3278 judex
908 3213 1027 3257 reorum
1050 3190 1204 3258 facultates
1226 3210 1298 3254 exa·

283 3303 428 3370 minabit?
478 3305 544 3370 Hoc
574 3318 659 3371 antea
670 3299 695 3388 ²)
729 3305 933 3372 refutavimus.
967 3345 1003 3358 -·
1040 3307 1227 3372 Postremum
1258 3326 1298 3369 ex

283 3421 340 3485 hae
366 3421 559 3486 translatione
587 3421 661 3487 illud
685 3425 857 3501 »interim«,
888 3423 1008 3511 dequo
1038 3443 1130 3511 supra
1141 3413 1166 3505 ⁸)
1193 3420 1298 3508 dispu-

283 3539 422 3613 tavimus,
445 3558 506 3599 non
529 3539 640 3622 poterit
662 3538 813 3625 explicari.
849 3539 965 3604 Etenim
985 3560 1061 3614 cum,
1086 3542 1112 3602 si
1126 3548 1296 3625 praesentes

283 3665 312 3716 et
335 3649 478 3715 solvendo
502 3651 607 3738 reliqui
631 3674 694 3718 esse
710 3654 876 3731 videantur,
902 3653 1033 3719 debitum
1050 3676 1152 3718 ornnes
1170 3657 1297 3741 quisque

282 3790 338 3856 pro
367 3780 452 3855 parte
478 3768 610 3854 explere,
642 3772 688 3834 sin
711 3791 782 3836 vero
806 3792 868 3836 non
890 3769 1061 3846 videantni,
1093 3761 1298 3858 unusquilibet

337 3922 375 3990 ¹¹)
401 3922 450 3978 cn.
469 3923 534 3995 Papo
550 3922 567 3978 l.
579 3921 596 3978 l.
615 3941 636 3979 s.
649 3942 672 3979 v.
692 3926 785 3998 ἴωημι.
813 3955 847 3967 -
874 3924 897 3995 ¹)
916 3925 948 3982 V.
968 3927 1020 3980 init.
1039 3931 1063 3979 et
1080 3922 1095 3995 ς
1110 3923 1151 3979 12.

334 4010 357 4080 ⁸)
383 4011 415 4064 V.
434 4010 503 4081 536,
516 4011 546 4066 11.
