2952 4556
694 323 855 420 ...²1-

268 495 341 570 all'o.
366 495 479 584 loco¹⁹)
513 501 614 591 paullo
649 513 719 589 post
752 500 790 566 ad
825 504 996 590 opinionem
1030 522 1214 570 communem
1250 527 1281 570 se

267 620 400 684 uertisse.

666 705 878 714 ——n--ae--n-

333 850 435 937 tuque
469 847 581 915 Graeco
615 847 806 914 Novellarum
843 860 931 914 textu
967 862 1086 935 reperto
1124 853 1280 938 opiniones

266 987 361 1034 novae
384 964 561 1041 Haloandri‚
585 964 635 1029 Fr.
659 963 815 1041 Balduini,
839 963 956 1029 Donelli
986 964 1023 1029 ad
1045 968 1161 1052 priores
1184 988 1281 1033 acces·

266 1094 378 1147 serunt.
416 1080 498 1164 Quae
522 1102 623 1145 ornnes
647 1080 801 1168 quomodo
817 1082 894 1144 inter
905 1081 1095 1169 jurisperitos
1111 1081 1279 1147 scholarum

266 1200 413 1277 variarum
436 1196 626 1285 pervulgatae
648 1199 716 1273 sint,
742 1191 779 1278 ἐξ
795 1194 986 1282 sequentibus
1004 1196 1209 1274 ostendemus,
1227 1196 1279 1262 sed

266 1325 352 1377 antea
374 1313 575 1389 admonemus,
599 1333 636 1376 ne
659 1314 725 1399 quis
748 1311 857 1389 eredat,
882 1315 1053 1399 opinionem
1076 1312 1238 1378 Haloandri
1262 1336 1279 1378 a

266 1449 417 1517 quoquam
440 1432 584 1516 scriptore
600 1427 638 1492 ad
654 1441 803 1493 auctorem
820 1449 922 1494 rerum
938 1425 1048 1493 referri.
1087 1428 1178 1493 Immo
1195 1452 1277 1507 vero,

266 1566 333 1610 cum
363 1547 532 1633 opinionem
554 1543 784 1610 Haloandrinam
815 1545 995 1632 argumentis
1018 1543 1201 1609 Donellianis
1229 1542 1280 1608 de·

265 1659 383 1726 lendere
406 1661 544 1738 solerent,
570 1664 729 1748 scriptores
752 1662 894 1747 temporis
918 1661 1108 1746 insequentis
1123 1664 1279 1747 perpaucis

265 1781 395 1864 exceptis
425 1798 460 1842 eo
489 1788 703 1864 pervenerunt,
734 1787 769 1840 ut
790 1774 947 1839 Donellum
975 1778 1126 1862 opinionis
1149 1775 1280 1842 Holoan·

266 1892 366 1958 drinae
390 1905 539 1957 auctorem
561 1890 757 1971 laudaverint,
784 1893 879 1977 ipsius
903 1902 1000 1955 sutem
1024 1891 1140 1957 Donelli
1162 1904 1279 1958 senten·

264 2011 335 2073 tiam
358 2009 444 2095 plane
466 2007 660 2095 neglexerint.

736 2252 800 2339 55.

317 2390 539 2478 Scriptores
562 2387 883 2466 Franco-Gallici,
907 2390 1046 2468 Italici,
1071 2390 1232 2478 Hispani

608 2528 767 2571 necnon
791 2505 933 2571 Batavi.

331 2687 452 2752 Praetor
480 2685 635 2751 Donellum
672 2697 702 2748 et
728 2683 908 2750 Balduinum
935 2688 1080 2750 neminem
1109 2707 1124 2749 e
1153 2706 1276 2750 numero

265 2817 419 2870 auctorum
436 2799 758 2866 Franco-Gallicorum
781 2801 915 2886 pervolui
939 2813 991 2866 aut
1014 2801 1095 2888 apud
1117 2801 1191 2864 alios
1209 2800 1277 2864 elle-

263 2932 365 3009 gatum
394 2920 467 3008 legi,
499 2920 550 3006 qui
580 2929 682 2982 contra
711 2920 915 2982 auctoritatem
940 2919 1089 3004 opinionis
1113 2919 1276 2981 communis

264 3039 436 3102 surrexerit.
483 3035 573 3100 lmmo
604 3056 675 3099 vcro
699 3033 879 3122 Eguinarius
902 3025 1023 3114 Baro¹),
1054 3033 1161 3096 Petrus
1186 3031 1277 3097 Stella

264 3152 404 3217 Aurelius
411 3144 446 3232 ²),
465 3149 640 3216 Franciscus
654 3149 798 3216 dometius
805 3141 839 3228 ³),
858 3141 1061 3230 Connanus⁴),
1078 3141 1275 3228 Duarenus⁶),

264 3264 477 3274 -—-——

319 3306 352 3374 19)
375 3303 492 3359 Donellus
509 3304 526 3357 l.
538 3304 553 3357 l.
572 3304 602 3358 ad
620 3305 648 3359 L.
661 3303 685 3359 3.
705 3305 731 3360 C.
750 3304 779 3360 de
796 3303 860 3375 fidej.
878 3321 914 3357 nr.
929 3305 951 3358 1.

318 3402 339 3471 ι)
362 3401 439 3456 instit.
458 3418 507 3456 seu·
521 3401 639 3456 Element.
658 3403 747 3457 Justin.
769 3400 809 3456 lib.
822 3401 866 3457 tv.
890 3400 970 3456 Latet.
985 3399 1062 3455 1562.
1085 3418 1109 3471 p.
1121 3399 1174 3456 268
1187 3417 1241 3472 sqq.

317 3499 339 3569 2)
363 3500 535 3571 Repetitiones.
558 3499 643 3554 Aurel.
662 3517 681 3553 s.
699 3507 716 3554 t.
735 3517 759 3571 p.
773 3499 832 3554 144.
856 3498 937 3570 Ilisp„
961 3515 1009 3570 qua
1031 3498 1175 3569 inquiritur,
1200 3515 1231 3552 an
1253 3505 1277 3551 et
1333 3500 1336 3508 '

265 3599 362 3672 quando
380 3598 483 3652 creditor
500 3598 529 3650 ab
547 3615 598 3651 uno
617 3615 649 3651 ex
667 3599 755 3651 romeis
773 3605 827 3652 cett
846 3596 864 3651 1.
878 3595 958 3651 Concl.
976 3595 994 3650 l.
1007 3595 1071 3650 Decl.

317 3697 340 3766 ³)
363 3696 498 3751 Commeat.
521 3697 546 3750 in
573 3694 667 3767 aliquot
689 3696 749 3768 ng.
773 3703 797 3750 et
819 3693 857 3766 §§.
883 3695 934 3750 Tit.
957 3693 989 3748 1).
1011 3693 1040 3748 de
1063 3692 1126 3765 lldej.
1150 3702 1174 3749 ct
1196 3692 1276 3748 mand.

263 3794 473 3851 tenemento
492 3794 520 3848 L.
533 3794 565 3849 71
587 3793 641 3848 eod.
1042 3821 1045 3828 ·

317 3893 339 3961 ⁴)
364 3891 458 3948 domm.
473 3893 522 3963 jur.
543 3893 587 3946 civ.
606 3891 680 3946 Basil.
696 3889 771 3946 1662.
790 3891 842 3945 Lib.
855 3890 899 3946 Vl.
919 3892 945 3948 C.
958 3891 991 3946 V.
1008 3889 1048 3945 17.

317 3990 339 4060 ⁵)
364 3989 397 4048 V.
415 3992 526 4046 Asvcrus
545 4007 569 4062 p.
584 3991 624 4043 11.
642 3999 693 4044 not.
708 3990 748 4044 10.
