<?xml version="1.0" encoding="UTF-8"?>
<!DOCTYPE html PUBLIC "-//W3C//DTD XHTML 1.0 Transitional//EN"
    "http://www.w3.org/TR/xhtml1/DTD/xhtml1-transitional.dtd">
<html xmlns="http://www.w3.org/1999/xhtml" xml:lang="en" lang="en">
 <head>
  <title>
</title>
<meta http-equiv="Content-Type" content="text/html;charset=utf-8" />
  <meta name='ocr-system' content='tesseract 3.04.00' />
  <meta name='ocr-capabilities' content='ocr_page ocr_carea ocr_par ocr_line ocrx_word'/>
</head>
<body>
  <div class='ocr_page' id='page_1' title='image "./novellajustinia00wiedgoog/novellajustinia00wiedgoog_0030.png"; bbox 0 0 2952 4556; ppageno 0'>
   <div class='ocr_carea' id='block_1_1' title="bbox 667 287 827 388">
    <p class='ocr_par' dir='ltr' id='par_1_1' title="bbox 667 287 827 388">
     <span class='ocr_line' id='line_1_1' title="bbox 667 287 827 388; baseline -0.006 -31"><span class='ocrx_word' id='word_1_1' title='bbox 667 287 827 388; x_wconf 44' lang='lat' dir='ltr'>A</span> 
     </span>
    </p>
   </div>
   <div class='ocr_carea' id='block_1_2' title="bbox 226 464 1321 3562">
    <p class='ocr_par' dir='ltr' id='par_1_2' title="bbox 237 464 1321 670">
     <span class='ocr_line' id='line_1_2' title="bbox 238 464 1254 556; baseline 0.002 -22"><span class='ocrx_word' id='word_1_2' title='bbox 238 479 325 534; x_wconf 82' lang='lat' dir='ltr'>antee</span> <span class='ocrx_word' id='word_1_3' title='bbox 339 465 567 554; x_wconf 77' lang='lat' dir='ltr'>fidejussoribus</span> <span class='ocrx_word' id='word_1_4' title='bbox 581 464 720 556; x_wconf 85' lang='lat' dir='ltr'>pluribus</span> <span class='ocrx_word' id='word_1_5' title='bbox 739 467 910 555; x_wconf 85' lang='lat' dir='ltr'>simpliciter</span> <span class='ocrx_word' id='word_1_6' title='bbox 926 469 1054 556; x_wconf 78' lang='lat' dir='ltr'>acceptis</span> <span class='ocrx_word' id='word_1_7' title='bbox 1069 480 1254 536; x_wconf 71' lang='lat' dir='ltr'>concesserat</span> 
     </span>
     <span class='ocr_line' id='line_1_3' title="bbox 237 580 1321 670; baseline 0 -22"><span class='ocrx_word' id='word_1_8' title='bbox 237 581 374 670; x_wconf 77' lang='lat' dir='ltr'><strong>Epistola</strong></span> <span class='ocrx_word' id='word_1_9' title='bbox 397 583 546 650; x_wconf 77' lang='lat' dir='ltr'>Adriani«</span> <span class='ocrx_word' id='word_1_10' title='bbox 1318 580 1321 588; x_wconf 74' lang='grc'>’</span> 
     </span>
    </p>

    <p class='ocr_par' dir='ltr' id='par_1_3' title="bbox 235 697 1253 1594">
     <span class='ocr_line' id='line_1_4' title="bbox 303 697 1252 788; baseline 0.002 -26"><span class='ocrx_word' id='word_1_11' title='bbox 303 697 401 763; x_wconf 80' lang='lat' dir='ltr'>Peene</span> <span class='ocrx_word' id='word_1_12' title='bbox 429 698 533 765; x_wconf 86' lang='lat' dir='ltr'>ecdem</span> <span class='ocrx_word' id='word_1_13' title='bbox 560 711 709 788; x_wconf 86' lang='lat' dir='ltr'>tempore,</span> <span class='ocrx_word' id='word_1_14' title='bbox 741 721 802 787; x_wconf 91' lang='lat' dir='ltr'>quo</span> <span class='ocrx_word' id='word_1_15' title='bbox 830 699 882 766; x_wconf 82' lang='lat' dir='ltr'>Fr.</span> <span class='ocrx_word' id='word_1_16' title='bbox 909 698 1090 777; x_wconf 83' lang='lat' dir='ltr'>Belduinus,</span> <span class='ocrx_word' id='word_1_17' title='bbox 1121 698 1252 766; x_wconf 85' lang='lat' dir='ltr'>doennes</span> 
     </span>
     <span class='ocr_line' id='line_1_5' title="bbox 236 806 1253 902; baseline -0.001 -22"><span class='ocrx_word' id='word_1_18' title='bbox 236 806 487 902; x_wconf 81' lang='lat' dir='ltr'>Ronchegeilns¹)</span> <span class='ocrx_word' id='word_1_19' title='bbox 516 836 618 880; x_wconf 66' lang='lat' dir='ltr'>‘novo</span> <span class='ocrx_word' id='word_1_20' title='bbox 647 837 682 880; x_wconf 85' lang='lat' dir='ltr'>so</span> <span class='ocrx_word' id='word_1_21' title='bbox 709 813 828 880; x_wconf 85' lang='lat' dir='ltr'>diverso</span> <span class='ocrx_word' id='word_1_22' title='bbox 856 814 947 880; x_wconf 87' lang='lat' dir='ltr'>modo</span> <span class='ocrx_word' id='word_1_23' title='bbox 971 814 1137 880; x_wconf 88' lang='lat' dir='ltr'>senodum</span> <span class='ocrx_word' id='word_1_24' title='bbox 1160 818 1253 880; x_wconf 84' lang='lat' dir='ltr'>extri·</span> 
     </span>
     <span class='ocr_line' id='line_1_6' title="bbox 238 930 1250 1019; baseline 0.001 -25"><span class='ocrx_word' id='word_1_25' title='bbox 238 941 392 995; x_wconf 79' lang='lat' dir='ltr'>saturum«</span> <span class='ocrx_word' id='word_1_26' title='bbox 415 930 565 1016; x_wconf 76' lang='lat' dir='ltr'><strong>pollicitus</strong></span> <span class='ocrx_word' id='word_1_27' title='bbox 580 943 635 1008; x_wconf 78' lang='lat' dir='ltr'>est</span> <span class='ocrx_word' id='word_1_28' title='bbox 659 952 747 1019; x_wconf 61' lang='lat' dir='ltr'>mem</span> <span class='ocrx_word' id='word_1_29' title='bbox 764 931 942 997; x_wconf 90' lang='lat' dir='ltr'>solutionem</span> <span class='ocrx_word' id='word_1_30' title='bbox 958 951 1038 996; x_wconf 89' lang='lat' dir='ltr'>nnnc</span> <span class='ocrx_word' id='word_1_31' title='bbox 1051 933 1250 1018; x_wconf 78' lang='lat' dir='ltr'>inspiciemus.</span> 
     </span>
     <span class='ocr_line' id='line_1_7' title="bbox 236 1043 1251 1136; baseline 0 -26"><span class='ocrx_word' id='word_1_32' title='bbox 236 1044 431 1132; x_wconf 89' lang='lat' dir='ltr'>inscriptione</span> <span class='ocrx_word' id='word_1_33' title='bbox 455 1043 565 1111; x_wconf 80' lang='lat' dir='ltr'>Graeco</span> <span class='ocrx_word' id='word_1_34' title='bbox 590 1044 689 1136; x_wconf 80' lang='lat' dir='ltr'>verbis</span> <span class='ocrx_word' id='word_1_35' title='bbox 718 1048 849 1111; x_wconf 64' lang='lat' dir='ltr'>‘motuis</span> <span class='ocrx_word' id='word_1_36' title='bbox 877 1044 1125 1133; x_wconf 78' lang='lat' dir='ltr'>fidejussoribus«</span> <span class='ocrx_word' id='word_1_37' title='bbox 1148 1046 1251 1111; x_wconf 89' lang='lat' dir='ltr'>Letine</span> 
     </span>
     <span class='ocr_line' id='line_1_8' title="bbox 235 1159 1252 1237; baseline -0.002 -11"><span class='ocrx_word' id='word_1_38' title='bbox 235 1159 352 1226; x_wconf 82' lang='lat' dir='ltr'>redditu</span> <span class='ocrx_word' id='word_1_39' title='bbox 374 1163 453 1225; x_wconf 79' lang='lat' dir='ltr'>»rim</span> <span class='ocrx_word' id='word_1_40' title='bbox 477 1181 593 1226; x_wconf 87' lang='lat' dir='ltr'>omnem</span> <span class='ocrx_word' id='word_1_41' title='bbox 617 1159 849 1227; x_wconf 73' lang='lat' dir='ltr'>constitutionis</span> <span class='ocrx_word' id='word_1_42' title='bbox 871 1164 967 1226; x_wconf 80' lang='lat' dir='ltr'>sitin</span> <span class='ocrx_word' id='word_1_43' title='bbox 989 1184 1025 1227; x_wconf 91' lang='lat' dir='ltr'>eo</span> <span class='ocrx_word' id='word_1_44' title='bbox 1048 1160 1192 1237; x_wconf 84' lang='lat' dir='ltr'>residere,</span> <span class='ocrx_word' id='word_1_45' title='bbox 1217 1173 1252 1224; x_wconf 91' lang='lat' dir='ltr'>ut</span> 
     </span>
     <span class='ocr_line' id='line_1_9' title="bbox 236 1275 1250 1364; baseline -0.002 -22"><span class='ocrx_word' id='word_1_46' title='bbox 236 1277 277 1342; x_wconf 89' lang='lat' dir='ltr'>sit</span> <span class='ocrx_word' id='word_1_47' title='bbox 303 1275 415 1342; x_wconf 81' lang='lat' dir='ltr'>alterno</span> <span class='ocrx_word' id='word_1_48' title='bbox 443 1275 624 1362; x_wconf 79' lang='lat' dir='ltr'>fidejussio,‹</span> <span class='ocrx_word' id='word_1_49' title='bbox 647 1277 732 1364; x_wconf 87' lang='lat' dir='ltr'>cujus</span> <span class='ocrx_word' id='word_1_50' title='bbox 756 1277 889 1342; x_wconf 84' lang='lat' dir='ltr'>diverses</span> <span class='ocrx_word' id='word_1_51' title='bbox 912 1278 1024 1364; x_wconf 87' lang='lat' dir='ltr'>species</span> <span class='ocrx_word' id='word_1_52' title='bbox 1047 1279 1122 1355; x_wconf 80' lang='lat' dir='ltr'>sint,</span> <span class='ocrx_word' id='word_1_53' title='bbox 1154 1297 1250 1364; x_wconf 76' lang='lat' dir='ltr'>»quse</span> 
     </span>
     <span class='ocr_line' id='line_1_10' title="bbox 235 1388 1249 1480; baseline -0.001 -24"><span class='ocrx_word' id='word_1_54' title='bbox 235 1393 395 1458; x_wconf 78' lang='lat' dir='ltr'>mixturam</span> <span class='ocrx_word' id='word_1_55' title='bbox 424 1391 572 1480; x_wconf 82' lang='lat' dir='ltr'>quandem</span> <span class='ocrx_word' id='word_1_56' title='bbox 601 1395 722 1480; x_wconf 85' lang='lat' dir='ltr'>sapiunt</span> <span class='ocrx_word' id='word_1_57' title='bbox 749 1406 778 1458; x_wconf 88' lang='lat' dir='ltr'>et</span> <span class='ocrx_word' id='word_1_58' title='bbox 805 1404 890 1458; x_wconf 79' lang='lat' dir='ltr'>orent</span> <span class='ocrx_word' id='word_1_59' title='bbox 917 1395 1043 1468; x_wconf 74' lang='lat' dir='ltr'>omissos</span> <span class='ocrx_word' id='word_1_60' title='bbox 1065 1394 1097 1458; x_wconf 93' lang='lat' dir='ltr'>in</span> <span class='ocrx_word' id='word_1_61' title='bbox 1120 1388 1249 1458; x_wconf 85' lang='lat' dir='ltr'>Constit.</span> 
     </span>
     <span class='ocr_line' id='line_1_11' title="bbox 236 1505 1035 1594; baseline 0.001 -23"><span class='ocrx_word' id='word_1_62' title='bbox 236 1505 273 1572; x_wconf 87' lang='lat' dir='ltr'>de</span> <span class='ocrx_word' id='word_1_63' title='bbox 295 1506 522 1594; x_wconf 82' lang='lat' dir='ltr'>fidejussoribus</span> <span class='ocrx_word' id='word_1_64' title='bbox 544 1506 623 1574; x_wconf 89' lang='lat' dir='ltr'>Nov.</span> <span class='ocrx_word' id='word_1_65' title='bbox 639 1507 688 1573; x_wconf 68' lang='lat' dir='ltr'>ds</span> <span class='ocrx_word' id='word_1_66' title='bbox 727 1507 836 1592; x_wconf 77' lang='lat' dir='ltr'>Quales</span> <span class='ocrx_word' id='word_1_67' title='bbox 859 1508 913 1574; x_wconf 81' lang='lat' dir='ltr'>has</span> <span class='ocrx_word' id='word_1_68' title='bbox 936 1507 1035 1574; x_wconf 82' lang='lat' dir='ltr'>effert:</span> 
     </span>
    </p>

    <p class='ocr_par' dir='ltr' id='par_1_4' title="bbox 282 1621 1248 1827">
     <span class='ocr_line' id='line_1_12' title="bbox 282 1621 1248 1712; baseline 0 -24"><span class='ocrx_word' id='word_1_69' title='bbox 282 1621 311 1688; x_wconf 88' lang='lat'>1.</span> <span class='ocrx_word' id='word_1_70' title='bbox 346 1627 438 1712; x_wconf 78' lang='lat' dir='ltr'>»quie</span> <span class='ocrx_word' id='word_1_71' title='bbox 460 1625 547 1690; x_wconf 88' lang='lat' dir='ltr'>simul</span> <span class='ocrx_word' id='word_1_72' title='bbox 568 1636 598 1689; x_wconf 91' lang='lat' dir='ltr'>et</span> <span class='ocrx_word' id='word_1_73' title='bbox 612 1624 655 1690; x_wconf 91' lang='lat' dir='ltr'>rei</span> <span class='ocrx_word' id='word_1_74' title='bbox 670 1621 796 1690; x_wconf 89' lang='lat' dir='ltr'>debendi</span> <span class='ocrx_word' id='word_1_75' title='bbox 819 1636 849 1689; x_wconf 88' lang='lat' dir='ltr'>et</span> <span class='ocrx_word' id='word_1_76' title='bbox 865 1623 1055 1710; x_wconf 84' lang='lat' dir='ltr'>fidejussores</span> <span class='ocrx_word' id='word_1_77' title='bbox 1071 1635 1176 1689; x_wconf 90' lang='lat' dir='ltr'>mutuo</span> <span class='ocrx_word' id='word_1_78' title='bbox 1191 1645 1248 1711; x_wconf 95' lang='lat' dir='ltr'>pro</span> 
     </span>
     <span class='ocr_line' id='line_1_13' title="bbox 346 1739 878 1827; baseline 0 -22"><span class='ocrx_word' id='word_1_79' title='bbox 346 1739 447 1806; x_wconf 87' lang='lat' dir='ltr'>eedem</span> <span class='ocrx_word' id='word_1_80' title='bbox 470 1741 634 1826; x_wconf 71' lang='lat' dir='ltr'>quantitate</span> <span class='ocrx_word' id='word_1_81' title='bbox 656 1743 878 1827; x_wconf 70' lang='lat' dir='ltr'>reperiantum«</span> 
     </span>
    </p>

    <p class='ocr_par' dir='ltr' id='par_1_5' title="bbox 280 1852 1249 2288">
     <span class='ocr_line' id='line_1_14' title="bbox 280 1852 1248 1942; baseline 0 -22"><span class='ocrx_word' id='word_1_82' title='bbox 280 1853 311 1920; x_wconf 79' lang='grc'>2.</span> <span class='ocrx_word' id='word_1_83' title='bbox 346 1853 420 1920; x_wconf 73' lang='lat' dir='ltr'>subi</span> <span class='ocrx_word' id='word_1_84' title='bbox 453 1865 552 1918; x_wconf 88' lang='lat' dir='ltr'>essent</span> <span class='ocrx_word' id='word_1_85' title='bbox 579 1854 679 1940; x_wconf 86' lang='lat' dir='ltr'>plores</span> <span class='ocrx_word' id='word_1_86' title='bbox 709 1876 766 1940; x_wconf 92' lang='lat' dir='ltr'>pro</span> <span class='ocrx_word' id='word_1_87' title='bbox 793 1852 929 1942; x_wconf 81' lang='lat' dir='ltr'>portibus</span> <span class='ocrx_word' id='word_1_88' title='bbox 958 1853 1093 1920; x_wconf 82' lang='lat' dir='ltr'>virilibus</span> <span class='ocrx_word' id='word_1_89' title='bbox 1123 1855 1248 1942; x_wconf 78' lang='lat' dir='ltr'>alicujus</span> 
     </span>
     <span class='ocr_line' id='line_1_15' title="bbox 346 1966 1249 2057; baseline 0 -23"><span class='ocrx_word' id='word_1_90' title='bbox 346 1991 477 2035; x_wconf 84' lang='lat' dir='ltr'>summae</span> <span class='ocrx_word' id='word_1_91' title='bbox 500 1966 624 2057; x_wconf 76' lang='lat' dir='ltr'>obligati</span> <span class='ocrx_word' id='word_1_92' title='bbox 646 1969 749 2046; x_wconf 88' lang='lat' dir='ltr'>simul,</span> <span class='ocrx_word' id='word_1_93' title='bbox 778 1968 905 2057; x_wconf 86' lang='lat' dir='ltr'>indeque</span> <span class='ocrx_word' id='word_1_94' title='bbox 927 1967 1128 2056; x_wconf 83' lang='lat' dir='ltr'>fidejussionis</span> <span class='ocrx_word' id='word_1_95' title='bbox 1151 1971 1249 2057; x_wconf 87' lang='lat' dir='ltr'>stipu-</span> 
     </span>
     <span class='ocr_line' id='line_1_16' title="bbox 345 2085 1247 2173; baseline 0.001 -24"><span class='ocrx_word' id='word_1_96' title='bbox 345 2085 417 2150; x_wconf 86' lang='lat' dir='ltr'>ietio</span> <span class='ocrx_word' id='word_1_97' title='bbox 446 2086 570 2149; x_wconf 86' lang='lat' dir='ltr'>invicem</span> <span class='ocrx_word' id='word_1_98' title='bbox 597 2086 774 2171; x_wconf 81' lang='lat' dir='ltr'>interposito</span> <span class='ocrx_word' id='word_1_99' title='bbox 796 2097 889 2162; x_wconf 89' lang='lat' dir='ltr'>esset,</span> <span class='ocrx_word' id='word_1_100' title='bbox 920 2087 962 2148; x_wconf 82' lang='lat' dir='ltr'>ito</span> <span class='ocrx_word' id='word_1_101' title='bbox 984 2097 1019 2150; x_wconf 93' lang='lat' dir='ltr'>ut</span> <span class='ocrx_word' id='word_1_102' title='bbox 1040 2089 1247 2173; x_wconf 88' lang='lat' dir='ltr'>unusquisque</span> 
     </span>
     <span class='ocr_line' id='line_1_17' title="bbox 344 2199 1101 2288; baseline 0.001 -22"><span class='ocrx_word' id='word_1_103' title='bbox 344 2222 401 2288; x_wconf 90' lang='lat' dir='ltr'>pro</span> <span class='ocrx_word' id='word_1_104' title='bbox 425 2199 489 2266; x_wconf 83' lang='lat' dir='ltr'>aliis</span> <span class='ocrx_word' id='word_1_105' title='bbox 512 2211 542 2266; x_wconf 89' lang='lat' dir='ltr'>et</span> <span class='ocrx_word' id='word_1_106' title='bbox 563 2210 667 2264; x_wconf 79' lang='lat' dir='ltr'>contra</span> <span class='ocrx_word' id='word_1_107' title='bbox 688 2199 879 2284; x_wconf 86' lang='lat' dir='ltr'>fidejussores</span> <span class='ocrx_word' id='word_1_108' title='bbox 903 2203 1101 2279; x_wconf 79' lang='lat' dir='ltr'>existerent3«</span> 
     </span>
    </p>

    <p class='ocr_par' dir='ltr' id='par_1_6' title="bbox 278 2313 1246 2634">
     <span class='ocr_line' id='line_1_18' title="bbox 278 2313 1246 2404; baseline 0 -22"><span class='ocrx_word' id='word_1_109' title='bbox 278 2313 310 2382; x_wconf 88' lang='lat'>3.</span> <span class='ocrx_word' id='word_1_110' title='bbox 346 2314 488 2404; x_wconf 76' lang='lat' dir='ltr'>»quando</span> <span class='ocrx_word' id='word_1_111' title='bbox 522 2314 623 2402; x_wconf 85' lang='lat' dir='ltr'>plures</span> <span class='ocrx_word' id='word_1_112' title='bbox 656 2314 782 2381; x_wconf 79' lang='lat' dir='ltr'>fuissent</span> <span class='ocrx_word' id='word_1_113' title='bbox 814 2314 1005 2403; x_wconf 82' lang='lat' dir='ltr'>fidejussores</span> <span class='ocrx_word' id='word_1_114' title='bbox 1038 2337 1095 2402; x_wconf 87' lang='lat' dir='ltr'>pro</span> <span class='ocrx_word' id='word_1_115' title='bbox 1125 2315 1246 2382; x_wconf 81' lang='lat' dir='ltr'>alterius</span> 
     </span>
     <span class='ocr_line' id='line_1_19' title="bbox 345 2430 1246 2520; baseline 0.001 -23"><span class='ocrx_word' id='word_1_116' title='bbox 345 2430 543 2520; x_wconf 81' lang='lat' dir='ltr'>obligatione,</span> <span class='ocrx_word' id='word_1_117' title='bbox 573 2435 625 2518; x_wconf 91' lang='lat' dir='ltr'>qui</span> <span class='ocrx_word' id='word_1_118' title='bbox 653 2444 804 2518; x_wconf 84' lang='lat' dir='ltr'>praetereo</span> <span class='ocrx_word' id='word_1_119' title='bbox 832 2431 944 2496; x_wconf 76' lang='lat' dir='ltr'>alterne</span> <span class='ocrx_word' id='word_1_120' title='bbox 972 2433 1035 2496; x_wconf 85' lang='lat' dir='ltr'>vice</span> <span class='ocrx_word' id='word_1_121' title='bbox 1062 2453 1094 2497; x_wconf 89' lang='lat' dir='ltr'>se</span> <span class='ocrx_word' id='word_1_122' title='bbox 1122 2434 1246 2498; x_wconf 82' lang='lat' dir='ltr'>invicem</span> 
     </span>
     <span class='ocr_line' id='line_1_20' title="bbox 344 2544 954 2634; baseline 0 -22"><span class='ocrx_word' id='word_1_123' title='bbox 344 2544 533 2634; x_wconf 83' lang='lat' dir='ltr'>fidejussorio</span> <span class='ocrx_word' id='word_1_124' title='bbox 556 2549 675 2612; x_wconf 89' lang='lat' dir='ltr'>nomine</span> <span class='ocrx_word' id='word_1_125' title='bbox 698 2546 954 2613; x_wconf 76' lang='lat' dir='ltr'>obstrinxissent·</span> 
     </span>
    </p>

    <p class='ocr_par' dir='ltr' id='par_1_7' title="bbox 226 2660 1246 3562">
     <span class='ocr_line' id='line_1_21' title="bbox 298 2660 1244 2751; baseline 0.001 -24"><span class='ocrx_word' id='word_1_126' title='bbox 298 2662 331 2727; x_wconf 95' lang='lat' dir='ltr'>ln</span> <span class='ocrx_word' id='word_1_127' title='bbox 365 2664 402 2727; x_wconf 87' lang='lat' dir='ltr'>iis</span> <span class='ocrx_word' id='word_1_128' title='bbox 432 2661 550 2728; x_wconf 77' lang='lat' dir='ltr'>casibus</span> <span class='ocrx_word' id='word_1_129' title='bbox 579 2661 764 2728; x_wconf 83' lang='lat' dir='ltr'>debitoribus</span> <span class='ocrx_word' id='word_1_130' title='bbox 793 2663 990 2730; x_wconf 83' lang='lat' dir='ltr'>denominetis</span> <span class='ocrx_word' id='word_1_131' title='bbox 1018 2684 1072 2751; x_wconf 88' lang='lat' dir='ltr'>per</span> <span class='ocrx_word' id='word_1_132' title='bbox 1099 2661 1178 2728; x_wconf 80' lang='lat' dir='ltr'>Nos.</span> <span class='ocrx_word' id='word_1_133' title='bbox 1201 2660 1244 2729; x_wconf 88' lang='grc'>99</span> 
     </span>
     <span class='ocr_line' id='line_1_22' title="bbox 231 2776 1246 2867; baseline -0.001 -24"><span class='ocrx_word' id='word_1_134' title='bbox 231 2776 404 2844; x_wconf 84' lang='lat' dir='ltr'>beneficium</span> <span class='ocrx_word' id='word_1_135' title='bbox 433 2780 619 2844; x_wconf 78' lang='lat' dir='ltr'>excussionis</span> <span class='ocrx_word' id='word_1_136' title='bbox 646 2777 861 2846; x_wconf 76' lang='lat' dir='ltr'>accommodari</span> <span class='ocrx_word' id='word_1_137' title='bbox 884 2778 1050 2856; x_wconf 88' lang='lat' dir='ltr'>contendit,</span> <span class='ocrx_word' id='word_1_138' title='bbox 1081 2782 1151 2867; x_wconf 84' lang='lat' dir='ltr'>quia</span> <span class='ocrx_word' id='word_1_139' title='bbox 1172 2777 1246 2843; x_wconf 88' lang='lat' dir='ltr'>fide-</span> 
     </span>
     <span class='ocr_line' id='line_1_23' title="bbox 226 2892 1243 2982; baseline -0.002 -23"><span class='ocrx_word' id='word_1_140' title='bbox 226 2895 363 2982; x_wconf 89' lang='lat' dir='ltr'>jussores</span> <span class='ocrx_word' id='word_1_141' title='bbox 393 2898 467 2973; x_wconf 90' lang='lat' dir='ltr'>sint,</span> <span class='ocrx_word' id='word_1_142' title='bbox 499 2907 529 2960; x_wconf 90' lang='lat' dir='ltr'>et</span> <span class='ocrx_word' id='word_1_143' title='bbox 556 2892 730 2960; x_wconf 87' lang='lat' dir='ltr'>heneficium</span> <span class='ocrx_word' id='word_1_144' title='bbox 752 2893 892 2960; x_wconf 82' lang='lat' dir='ltr'>Novcliee</span> <span class='ocrx_word' id='word_1_145' title='bbox 916 2892 959 2961; x_wconf 88' lang='grc'>99</span> <span class='ocrx_word' id='word_1_146' title='bbox 982 2893 1087 2960; x_wconf 79' lang='lat' dir='ltr'>effectu</span> <span class='ocrx_word' id='word_1_147' title='bbox 1110 2897 1243 2982; x_wconf 87' lang='lat' dir='ltr'>inspecto</span> 
     </span>
     <span class='ocr_line' id='line_1_24' title="bbox 229 3009 1245 3098; baseline -0.002 -22"><span class='ocrx_word' id='word_1_148' title='bbox 229 3031 286 3098; x_wconf 92' lang='lat' dir='ltr'>pro</span> <span class='ocrx_word' id='word_1_149' title='bbox 308 3009 450 3078; x_wconf 86' lang='lat' dir='ltr'>beneficio</span> <span class='ocrx_word' id='word_1_150' title='bbox 474 3013 660 3078; x_wconf 83' lang='lat' dir='ltr'>excussionis</span> <span class='ocrx_word' id='word_1_151' title='bbox 682 3010 851 3078; x_wconf 77' lang='lat' dir='ltr'>habendum</span> <span class='ocrx_word' id='word_1_152' title='bbox 874 3013 923 3076; x_wconf 88' lang='lat' dir='ltr'>sit.</span> <span class='ocrx_word' id='word_1_153' title='bbox 945 3049 981 3062; x_wconf 94' lang='lat'>-</span> <span class='ocrx_word' id='word_1_154' title='bbox 1008 3009 1090 3095; x_wconf 81' lang='lat' dir='ltr'>Quae</span> <span class='ocrx_word' id='word_1_155' title='bbox 1114 3032 1181 3076; x_wconf 90' lang='lat' dir='ltr'>cum</span> <span class='ocrx_word' id='word_1_156' title='bbox 1202 3013 1245 3074; x_wconf 82' lang='lat' dir='ltr'>ite</span> 
     </span>
     <span class='ocr_line' id='line_1_25' title="bbox 229 3118 1244 3215; baseline -0.002 -24"><span class='ocrx_word' id='word_1_157' title='bbox 229 3129 299 3205; x_wconf 84' lang='lat' dir='ltr'>sint,</span> <span class='ocrx_word' id='word_1_158' title='bbox 322 3126 541 3215; x_wconf 81' lang='lat' dir='ltr'>Ronehegullus</span> <span class='ocrx_word' id='word_1_159' title='bbox 565 3127 602 3192; x_wconf 82' lang='lat' dir='ltr'>ab</span> <span class='ocrx_word' id='word_1_160' title='bbox 624 3126 769 3214; x_wconf 82' lang='lat' dir='ltr'>Adoipho</span> <span class='ocrx_word' id='word_1_161' title='bbox 792 3118 1008 3209; x_wconf 83' lang='lat' dir='ltr'>Dedekindio⁸)</span> <span class='ocrx_word' id='word_1_162' title='bbox 1032 3125 1174 3190; x_wconf 86' lang='lat' dir='ltr'>adversus</span> <span class='ocrx_word' id='word_1_163' title='bbox 1197 3146 1244 3190; x_wconf 89' lang='lat' dir='ltr'>re·</span> 
     </span>
     <span class='ocr_line' id='line_1_26' title="bbox 229 3236 1243 3330; baseline -0.004 -22"><span class='ocrx_word' id='word_1_164' title='bbox 229 3236 405 3318; x_wconf 88' lang='lat' dir='ltr'>centiores‘)</span> <span class='ocrx_word' id='word_1_165' title='bbox 428 3242 574 3330; x_wconf 81' lang='lat' dir='ltr'>quosdam</span> <span class='ocrx_word' id='word_1_166' title='bbox 597 3264 658 3308; x_wconf 90' lang='lat' dir='ltr'>non</span> <span class='ocrx_word' id='word_1_167' title='bbox 681 3244 826 3309; x_wconf 87' lang='lat' dir='ltr'>immerito</span> <span class='ocrx_word' id='word_1_168' title='bbox 851 3240 1032 3320; x_wconf 80' lang='lat' dir='ltr'>defenditur,</span> <span class='ocrx_word' id='word_1_169' title='bbox 1063 3244 1115 3328; x_wconf 92' lang='lat' dir='ltr'>qui</span> <span class='ocrx_word' id='word_1_170' title='bbox 1137 3261 1243 3306; x_wconf 89' lang='lat' dir='ltr'>rursus</span> 
     </span>
     <span class='ocr_line' id='line_1_27' title="bbox 228 3355 1243 3445; baseline -0.003 -22"><span class='ocrx_word' id='word_1_171' title='bbox 228 3369 326 3424; x_wconf 72' lang='lat' dir='ltr'>umen</span> <span class='ocrx_word' id='word_1_172' title='bbox 354 3357 587 3445; x_wconf 80' lang='lat' dir='ltr'>Ronchegaiium</span> <span class='ocrx_word' id='word_1_173' title='bbox 617 3359 783 3445; x_wconf 88' lang='lat' dir='ltr'>opinionis,</span> <span class='ocrx_word' id='word_1_174' title='bbox 813 3378 902 3444; x_wconf 82' lang='lat' dir='ltr'>quem</span> <span class='ocrx_word' id='word_1_175' title='bbox 929 3356 1132 3422; x_wconf 82' lang='lat' dir='ltr'>Doneliianem</span> <span class='ocrx_word' id='word_1_176' title='bbox 1162 3355 1243 3432; x_wconf 85' lang='lat' dir='ltr'>dicit,</span> 
     </span>
     <span class='ocr_line' id='line_1_28' title="bbox 227 3471 1242 3562; baseline -0.004 -24"><span class='ocrx_word' id='word_1_177' title='bbox 227 3476 412 3542; x_wconf 82' lang='lat' dir='ltr'>inventorem</span> <span class='ocrx_word' id='word_1_178' title='bbox 434 3485 517 3538; x_wconf 82' lang='lat' dir='ltr'>ratus</span> <span class='ocrx_word' id='word_1_179' title='bbox 540 3471 656 3538; x_wconf 83' lang='lat' dir='ltr'>laudem</span> <span class='ocrx_word' id='word_1_180' title='bbox 679 3475 766 3537; x_wconf 90' lang='lat' dir='ltr'>nimis</span> <span class='ocrx_word' id='word_1_181' title='bbox 788 3495 924 3562; x_wconf 78' lang='lat' dir='ltr'>magnam</span> <span class='ocrx_word' id='word_1_182' title='bbox 940 3476 1052 3539; x_wconf 83' lang='lat' dir='ltr'>insum</span> <span class='ocrx_word' id='word_1_183' title='bbox 1069 3474 1242 3560; x_wconf 84' lang='lat' dir='ltr'>scriptorem</span> 
     </span>
    </p>
   </div>
   <div class='ocr_carea' id='block_1_3' title="bbox 226 3651 1238 4021">
    <p class='ocr_par' dir='ltr' id='par_1_8' title="bbox 226 3651 1238 3826">
     <span class='ocr_line' id='line_1_29' title="bbox 281 3651 1238 3728; baseline -0.005 -18"><span class='ocrx_word' id='word_1_184' title='bbox 281 3654 303 3724; x_wconf 79' lang='lat'>²)</span> <span class='ocrx_word' id='word_1_185' title='bbox 326 3655 433 3710; x_wconf 85' lang='lat' dir='ltr'>Trsctst.</span> <span class='ocrx_word' id='word_1_186' title='bbox 452 3654 482 3710; x_wconf 82' lang='lat' dir='ltr'>ds</span> <span class='ocrx_word' id='word_1_187' title='bbox 500 3655 558 3710; x_wconf 91' lang='lat' dir='ltr'>duo.</span> <span class='ocrx_word' id='word_1_188' title='bbox 576 3654 623 3710; x_wconf 87' lang='lat' dir='ltr'>reis</span> <span class='ocrx_word' id='word_1_189' title='bbox 642 3655 737 3709; x_wconf 83' lang='lat' dir='ltr'>constit.</span> <span class='ocrx_word' id='word_1_190' title='bbox 754 3655 831 3728; x_wconf 76' lang='lat' dir='ltr'>turp.</span> <span class='ocrx_word' id='word_1_191' title='bbox 844 3655 934 3712; x_wconf 72' lang='lat' dir='ltr'>cedor.</span> <span class='ocrx_word' id='word_1_192' title='bbox 950 3653 1025 3710; x_wconf 81' lang='lat'>1622.</span> <span class='ocrx_word' id='word_1_193' title='bbox 1052 3653 1094 3709; x_wconf 79' lang='lat' dir='ltr'>Ad</span> <span class='ocrx_word' id='word_1_194' title='bbox 1111 3653 1140 3708; x_wconf 81' lang='lat'>1..</span> <span class='ocrx_word' id='word_1_195' title='bbox 1154 3652 1178 3707; x_wconf 85' lang='lat'>3.</span> <span class='ocrx_word' id='word_1_196' title='bbox 1197 3651 1238 3723; x_wconf 78' lang='lat' dir='ltr'>§l</span> 
     </span>
     <span class='ocr_line' id='line_1_30' title="bbox 226 3751 469 3826; baseline 0.008 -20"><span class='ocrx_word' id='word_1_197' title='bbox 226 3751 251 3808; x_wconf 84' lang='lat' dir='ltr'>h.</span> <span class='ocrx_word' id='word_1_198' title='bbox 263 3761 281 3807; x_wconf 87' lang='lat' dir='ltr'>t.</span> <span class='ocrx_word' id='word_1_199' title='bbox 299 3769 336 3806; x_wconf 92' lang='lat' dir='ltr'>nr.</span> <span class='ocrx_word' id='word_1_200' title='bbox 351 3754 399 3808; x_wconf 89' lang='grc'>101</span> <span class='ocrx_word' id='word_1_201' title='bbox 415 3771 469 3826; x_wconf 86' lang='lat' dir='ltr'>sqq.</span> 
     </span>
    </p>

    <p class='ocr_par' dir='ltr' id='par_1_9' title="bbox 279 3849 595 3921">
     <span class='ocr_line' id='line_1_31' title="bbox 279 3849 595 3921; baseline -0.003 -16"><span class='ocrx_word' id='word_1_202' title='bbox 279 3851 302 3918; x_wconf 82' lang='lat'>³)</span> <span class='ocrx_word' id='word_1_203' title='bbox 325 3849 450 3906; x_wconf 80' lang='lat' dir='ltr'>Dedekind</span> <span class='ocrx_word' id='word_1_204' title='bbox 469 3849 484 3921; x_wconf 65' lang='grc' dir='ltr'><strong>ξ</strong></span> <span class='ocrx_word' id='word_1_205' title='bbox 497 3849 539 3906; x_wconf 86' lang='grc'>87.</span> <span class='ocrx_word' id='word_1_206' title='bbox 552 3849 595 3906; x_wconf 89' lang='grc'>89.</span> 
     </span>
    </p>

    <p class='ocr_par' dir='ltr' id='par_1_10' title="bbox 279 3947 1011 4021">
     <span class='ocr_line' id='line_1_32' title="bbox 279 3947 1011 4021; baseline -0.005 -15"><span class='ocrx_word' id='word_1_207' title='bbox 279 3949 301 4018; x_wconf 89' lang='lat'>⁴)</span> <span class='ocrx_word' id='word_1_208' title='bbox 326 3948 376 4006; x_wconf 79' lang='lat' dir='ltr'>etr.</span> <span class='ocrx_word' id='word_1_209' title='bbox 394 3948 519 4005; x_wconf 80' lang='lat' dir='ltr'>Dedckind</span> <span class='ocrx_word' id='word_1_210' title='bbox 538 3947 607 4021; x_wconf 70' lang='lat'>587.</span> <span class='ocrx_word' id='word_1_211' title='bbox 626 3957 677 4004; x_wconf 82' lang='lat' dir='ltr'>not.</span> <span class='ocrx_word' id='word_1_212' title='bbox 690 3948 715 4006; x_wconf 84' lang='lat'>2.</span> <span class='ocrx_word' id='word_1_213' title='bbox 742 3950 854 4005; x_wconf 82' lang='lat' dir='ltr'>Asseros</span> <span class='ocrx_word' id='word_1_214' title='bbox 873 3967 897 4020; x_wconf 90' lang='lat' dir='ltr'>p.</span> <span class='ocrx_word' id='word_1_215' title='bbox 913 3947 944 4003; x_wconf 89' lang='grc'>13</span> <span class='ocrx_word' id='word_1_216' title='bbox 957 3965 1011 4020; x_wconf 86' lang='lat' dir='ltr'>sqq.</span> 
     </span>
    </p>
   </div>
   <div class='ocr_carea' id='block_1_4' title="bbox 0 0 1480 4556">
    <p class='ocr_par' dir='ltr' id='par_1_11' title="bbox 0 0 1480 4556">
     <span class='ocr_line' id='line_1_33' title="bbox 0 0 1480 4556; baseline 0 4"><span class='ocrx_word' id='word_1_217' title='bbox 0 0 1480 4556; x_wconf 95' lang='lat' dir='ltr'> </span> 
     </span>
    </p>
   </div>
  </div>
 </body>
</html>
