2952 4556
726 265 771 338 ld

668 357 828 368 ——u———n-

242 469 308 528 nes,
334 469 409 539 qnae
431 445 657 536 fidejussoribus
680 447 736 514 illis
759 451 871 514 mutuis
895 471 931 516 ex
955 471 1009 515 sua
1032 461 1062 516 et
1084 469 1255 528 corneorum

241 589 369 655 persona
392 580 556 654 competere
580 577 712 654 possent,
736 565 945 653 impedimento
962 565 1069 644 forent,
1094 571 1255 654 quominus

242 686 370 748 actiones
393 683 457 748 illas
479 687 511 748 in
533 705 621 748 uuam
644 683 787 747 actionem
804 680 979 746 insolidum
995 695 1198 750 commutaret
1215 719 1251 734 -

156 879 166 897 ·
241 799 425 888 Argumenta
455 800 541 888 plura
570 811 674 864 contra
701 819 767 861 eum
796 795 971 862 Dedelrindii
1002 819 1131 866 emerem
1158 799 1254 884 afferri

241 927 379 1002 possent,
415 918 441 978 si
470 937 536 980 curn
566 915 692 980 aliorum
720 926 837 978 tantum
865 915 945 978 vitiis
974 912 1062 978 nobis
1090 936 1140 980 res
1167 929 1253 982 esset.

243 1028 333 1114 Quod
355 1033 398 1094 ita
420 1053 451 1094 sc
474 1052 535 1095 non
558 1029 662 1107 habet,
690 1028 742 1094 sed
770 1027 801 1093 id
824 1029 922 1094 solum
945 1027 1043 1094 adhuc
1065 1043 1253 1109 memoretur,

242 1146 366 1212 eundem
390 1167 524 1222 sensum,
555 1166 641 1234 quem
664 1143 821 1209 Dedelrind
843 1148 930 1209 novis
954 1146 1254 1232 interpunctionibus,

241 1263 358 1327 uncinis
381 1265 485 1338 auctis,
510 1261 630 1326 elisione
648 1263 730 1324 vocis
755 1273 893 1348 rpotest·
918 1263 1095 1348 propinarit,
1120 1283 1156 1327 eo
1180 1261 1255 1327 ellici

241 1399 345 1466 posse,
379 1375 462 1466 quod
490 1379 520 1441 in
550 1388 637 1441 textu
659 1376 805 1464 Vulgatae
833 1379 949 1465 integro
978 1389 1049 1465 post
1076 1376 1255 1443 vocabulum

243 1495 429 1560 »exstiterit«
454 1493 541 1558 colon
565 1489 610 1575 (ε)
633 1503 773 1579 ponatur.

307 1610 399 1676 lmmo
422 1631 494 1674 vero
517 1608 566 1676 lex
587 1612 629 1674 ita
651 1606 824 1696 excipienda
851 1619 911 1684 est,
940 1621 975 1673 ut
998 1607 1133 1696 Saviguy
1154 1621 1185 1674 et
1207 1609 1255 1675 alii

242 1739 377 1792 auctores
400 1724 554 1813 hucusque
578 1746 640 1790 eum
663 1727 847 1812 interpretati
870 1736 950 1788 sunt.
988 1724 1170 1811 Papinianus
1192 1749 1255 1792 non

241 1854 356 1907 tantum
379 1853 547 1928 propterea,
572 1839 655 1927 quod
678 1838 872 1928 fragmentum
895 1838 984 1904 titulo
1003 1839 1039 1904 de
1055 1839 1174 1906 duobus
1196 1842 1254 1907 reis

241 1962 386 2023 insertum
410 1967 455 2020 est
477 1967 507 2020 et
528 1954 656 2021 Pluralis
679 1977 819 2022 numerus
850 1951 953 2036 (areos
975 1953 1201 2042 promittendir)
1224 1957 1255 2023 id

241 2073 381 2160 requirit,
414 2071 449 2136 de
479 2074 588 2136 corneis
616 2070 741 2137 debendi
765 2072 882 2137 locutus
906 2083 966 2148 est,
996 2070 1049 2136 sed
1075 2075 1162 2137 etiam
1185 2077 1255 2162 quia

243 2188 368 2254 eundem
390 2209 446 2274 pro
469 2199 553 2275 parte
576 2199 611 2252 ut
632 2187 823 2275 principalem
845 2209 938 2264 reum,
961 2209 1018 2275 pro
1035 2201 1120 2276 parte
1134 2201 1170 2254 ut
1183 2189 1255 2256 lide·

238 2305 389 2391 jussorem
412 2303 532 2368 alterius
555 2305 674 2392 scripsit
697 2305 847 2369 conveniri
869 2325 968 2390 posse.
1011 2301 1088 2368 Nam
1111 2325 1178 2370 cum
1198 2305 1255 2371 lrae

243 2420 319 2485 duae
342 2422 472 2484 actiones
495 2431 594 2506 partes
618 2421 678 2484 sint
704 2421 829 2485 actionis
852 2421 883 2484 iu
906 2417 1036 2484 solidum
1059 2415 1089 2502 (a
1112 2420 1255 2486 creditore

242 2541 272 2602 in
296 2548 395 2626 partes
411 2529 577 2616 dissectae),
601 2555 718 2600 necesse
741 2546 787 2599 cst
810 2557 869 2600 una
891 2534 1051 2622 eademque
1073 2538 1103 2600 in
1127 2536 1256 2602 solidum

243 2655 320 2718 actio
350 2674 365 2717 e
396 2653 595 2739 promissione
624 2649 777 2738 principali
806 2663 836 2716 et
869 2654 1033 2716 accessoria
1063 2654 1254 2740 competierit.

242 2767 316 2835 Nam
333 2771 358 2834 si
374 2789 412 2832 ex
427 2780 553 2855 utraque
569 2769 699 2832 actiones
714 2769 745 2831 in
761 2766 889 2833 solidum
901 2765 1035 2832 diversae
1048 2780 1134 2833 natae
1146 2780 1253 2846 esseut,

242 2886 325 2951 velut
347 2887 371 2950 si
388 2885 428 2949 Τι
453 2882 606 2972 stipulanti
630 2882 768 2948 creditori
792 2882 882 2948 hodie
902 2883 934 2948 X
950 2895 978 2947 et
994 2881 1030 2948 S·
1053 2895 1124 2970 post
1146 2905 1254 2948 annum

242 3003 344 3068 aliaX
365 3000 567 3090 principaliter
589 3000 785 3086 promisisset,
810 2996 915 3064 deinde
937 3002 1061 3063 invicem
1084 2999 1157 3065 alter
1174 2997 1256 3063 debi-

242 3129 305 3182 tum
329 3111 448 3182 alterius
471 3113 529 3180 lide
552 3137 607 3179 sua
630 3136 694 3178 esse
712 3115 868 3200 jussisset,
897 3115 1050 3203 quomodo
1073 3114 1255 3204 Papinianus

242 3245 319 3298 recte
335 3231 459 3296 dixisset
475 3232 637 3295 »actionem
652 3249 742 3292 suam
757 3226 888 3294 dividere
904 3233 929 3294 si
942 3230 1063 3310 velint,
1082 3253 1147 3296 eum
1160 3230 1256 3296 dicere

243 3345 395 3412 debuisset
424 3347 576 3410 »actiones
605 3365 678 3409 suos
706 3342 784 3408 rell«
829 3344 931 3432 ltaque
960 3368 1049 3410 unam
1076 3346 1255 3433 eandemque

243 3465 429 3528 »actionem«
453 3482 469 3525 e
492 3458 646 3548 principali
669 3471 699 3525 et
720 3463 883 3525 accessoria
904 3464 1104 3549 promissione
1126 3465 1255 3551 genitum

243 3601 307 3644 esse
328 3578 431 3665 liquet,
456 3575 539 3665 quod
552 3589 617 3642 tum
633 3586 748 3640 tanturn
762 3574 825 3640 lieri
840 3581 950 3664 potuit,
975 3579 1000 3641 si
1025 3579 1065 3643 T·
1089 3590 1117 3642 et
1134 3577 1170 3644 S¹¹
1195 3578 1255 3642 duo

242 3699 285 3760 rei
308 3696 418 3782 accepti
442 3705 523 3757 sunt.
558 3692 628 3758 lnde
652 3715 772 3783 quoque
795 3705 927 3781 apparet,
952 3693 1144 3780 quamobrem
1167 3693 1257 3781 Papi-

242 3814 349 3877 nianus
373 3810 540 3898 exemplum
567 3810 695 3875 duorum
722 3832 857 3886 reorum,
887 3813 939 3896 qui
962 3809 1065 3874 divisis
1088 3808 1255 3875 actionibus

244 3930 465 4005 conveniantur,
489 3925 629 3993 adhibere
652 3929 794 4016 potuerit,
819 3947 880 4014 quo
904 3925 1001 3990 voluit
1024 3924 1137 4004 dooere,
1163 3924 1257 3991 credi·
