2936 4554
557 265 819 366 «aas

233 447 364 534 fidejuss.
389 445 505 514 sublata
526 445 696 514 electionem
721 443 869 522 creditori,
894 444 978 532 quod
1000 443 1038 509 ad
1061 467 1181 512 correos
1198 447 1249 512 de·

233 563 323 630 bendi
346 575 376 627 et
395 563 587 649 fidejussores
609 563 744 649 respicit,
769 583 862 650 aeque
885 560 1007 626 liberam
1031 560 1128 638 dedit,
1159 584 1248 649 quom

234 700 310 767 quae
333 690 437 744 contra
459 675 646 750 mandatores
669 689 755 753 antea
770 678 970 774 competierat.
1008 676 1103 742 Nemo
1119 680 1247 767 ignorat,

233 794 302 860 inde
330 794 367 859 ab
396 803 594 892 eoqtempore
622 795 857 858 consumtiencm
884 793 1102 880 prooessualem
1126 796 1247 859 omnino

232 912 356 998 periisse
371 887 494 996 ejusque
509 910 643 999 vestigia,
660 881 803 996 quantum
818 906 881 974 lieri
897 911 1039 996 potuerit,
1055 906 1166 995 ubique
1182 908 1249 975 lou·

233 1029 307 1092 tium
336 1047 354 1089 a
378 1021 751 1118 compilatoribus-delata
772 1016 886 1106 essen).
927 1021 982 1089 Sin
1004 1025 1097 1112 igitur
1119 1027 1249 1112 accipere

234 1141 333 1217 liccat,
359 1140 422 1224 jam
445 1137 676 1236 temporellatae
704 1138 738 1202 L.
756 1137 799 1204 28
817 1135 851 1204 C.
876 1141 924 1203 cit.
947 1139 1157 1227 Imperatorem
1185 1140 1249 1228 ple·

233 1257 389 1322 nissimum
418 1254 498 1317 bunc
526 1233 660 1318 effectum
689 1253 866 1330 intendisse,
896 1254 930 1319 L.
950 1253 1004 1320 ult.
1030 1253 1064 1320 C.
1088 1254 1125 1320 de
1153 1268 1248 1322 const.

234 1391 331 1459 pecu,
355 1390 430 1457 quae
446 1368 493 1434 die
508 1367 577 1434 XV.
592 1381 664 1456 post
679 1369 712 1434 L.
729 1367 773 1434 28
790 1367 825 1434 (l.
841 1371 889 1434 cit.
906 1369 1094 1458 promulgata
1110 1383 1164 1449 est,
1180 1370 1248 1436 idco

234 1489 430 1575 proposuisse
453 1485 579 1562 videtur,
607 1487 677 1574 quia
701 1487 905 1550 consumtioue
928 1485 1111 1572 processuali
1133 1484 1250 1552 sublata

236 1594 432 1684 discrimen¹⁸)
460 1605 537 1666 inter
565 1601 752 1666 mandatores
781 1613 811 1666 et
838 1599 1029 1686 fidejussores
1053 1613 1083 1667 et
1105 1605 1250 1668 constitu·

179 1778 182 1784 .
235 1730 316 1784 tores
340 1720 460 1783 omnino
477 1729 673 1805 exaequatum
688 1719 736 1794 sit,
761 1737 857 1804 neque
876 1737 963 1782 eausa
979 1715 1092 1782 diutius
1112 1716 1249 1796 adlucrit,

126 1871 132 1881 ·
236 1855 289 1900 cur
301 1837 364 1921 ipse
375 1832 422 1897 his
435 1811 497 1898 non
507 1831 629 1923 perinde
641 1854 811 1898 succurrere
825 1835 966 1920 potuerit,
980 1853 1068 1920 quem
1080 1831 1250 1900 Hadrianus

236 1951 293 2015 illis
316 1952 514 2037 prospexerit.
554 1949 656 2036 ltaque
679 1951 710 2012 iu
732 1947 930 2026 mandatores,
954 1949 1155 2037 fidejussores,
1179 1971 1250 2016 con·

236 2067 390 2130 stitutores
414 2065 516 2130 electio
536 2064 691 2130 creditoris
705 2062 848 2130 beneficio
864 2064 1019 2132 divisionis
1034 2067 1168 2132 restricta
1183 2064 1249 2132 tuis.

235 2181 346 2246 Postea
373 2181 494 2246 eandem
523 2180 692 2246 electionem
721 2182 752 2245 in
778 2179 897 2244 cosdem
921 2179 1070 2246 debitores
1093 2201 1148 2269 per
1169 2180 1249 2247 Nov.

238 2293 342 2362 Const.
355 2294 378 2360 4
395 2297 580 2361 excussionis
598 2317 719 2384 quoque
733 2273 876 2362 beneficio
892 2299 1032 2362 cotrcuit
1056 2295 1133 2362 Nov.
1146 2294 1170 2362 4
1183 2319 1250 2362 curu

237 2411 265 2476 d.
290 2412 325 2477 L.
342 2409 386 2476 28
402 2409 436 2476 C.
462 2411 576 2488 collate,
600 2411 650 2475 illa
673 2412 847 2477 constitutio
870 2423 990 2499 practer
1010 2411 1201 2499 fidejussores
1222 2425 1252 2478 ct

236 2526 424 2594 mandatores
451 2525 489 2590 ad
512 2529 738 2604 constitutores,
769 2525 878 2614 quibus
902 2548 1023 2615 quoque
1046 2549 1062 2594 e
1084 2529 1119 2596 L.
1135 2529 1189 2594 ult.
1214 2526 1249 2596 G.

237 2647 286 2710 cit.
305 2645 367 2729 jam
390 2640 563 2708 beneficium
587 2641 741 2708 divisionis
765 2639 964 2730 competebat,
994 2656 1024 2708 et
1046 2643 1083 2709 ad
1106 2666 1173 2722 eos,
1195 2647 1250 2738 ¹qui

236 2763 364 2848 pignora
385 2781 443 2847 pro
466 2759 530 2824 aliis
554 2758 713 2835 dederunt,
737 2761 879 2846 pertinet,
905 2757 957 2824 sed
980 2758 1109 2826 duorum
1130 2782 1250 2826 reorum

236 2875 398 2962 Imperator
423 2875 534 2942 nullam
556 2878 701 2942 rationem
724 2873 838 2940 habuit.
878 2873 995 2958 Quibus
1017 2878 1109 2963 igitur
1132 2879 1158 2942 si
1180 2898 1252 2942 con-

237 2992 333 3057 sulere
357 2991 456 3069 vellet,
485 3012 522 3057 ne
551 2991 653 3057 electio
683 2990 837 3056 creditoris
863 2992 895 3054 in
917 2991 1082 3056 molestiam
1104 2991 1252 3080 periculo·
1318 3007 1320 3012 ·

238 3110 382 3173 sissimam
406 3120 642 3184 converteretur,
672 3127 733 3193 quo
757 3103 909 3182 beneficio,
933 3109 991 3172 nisi
1015 3106 1180 3185 divisionis,
1203 3107 1251 3174 his

237 3222 394 3289 subvenire
416 3221 539 3310 potuit?
561 3220 703 3287 Similiter
725 3241 763 3284 ex
781 3221 872 3285 altera
887 3233 972 3308 parte
986 3224 1033 3300 iis,
1057 3225 1109 3310 qui
1124 3226 1258 3311 pignora

238 3337 397 3414 dederunt,
426 3335 568 3402 beneficio
592 3337 777 3402 excussionis
806 3346 921 3401 tantum
947 3340 1113 3426 prospexit.
1150 3338 1252 3425 ltaque
1320 3351 1322 3358 ’
1375 3397 1379 3406 .

238 3454 408 3540 conjectura
437 3452 508 3516 mibi
536 3455 600 3517 visa
628 3464 673 3517 est
695 3451 918 3529 verisimillima,
949 3475 1050 3518 omnes
1079 3453 1134 3518 has
1162 3453 1251 3542 leges,

238 3589 331 3656 aeque
353 3567 391 3632 ad
413 3567 583 3634 electionem
607 3567 760 3634 creditoris
783 3571 981 3657 respicientes,
1005 3573 1082 3634 inter
1099 3589 1131 3634 se
1146 3569 1253 3634 cohae-

237 3705 301 3750 rere
329 3696 359 3749 et
380 3682 580 3749 Justinianum
608 3686 716 3750 sensim
747 3688 913 3774 sensimque
937 3687 989 3774 jus
1017 3688 1177 3775 pristinum
1202 3683 1252 3748 de·

293 3841 326 3910 ¹⁵)
350 3840 459 3914 savigny
476 3839 544 3911 oye
563 3841 609 3895 no.
623 3841 647 3896 s.
666 3858 689 3913 p.
703 3840 766 3896 255.
778 3840 839 3896 ass.

293 3930 326 4001 ¹⁸)
351 3929 459 4006 Savigny
476 3929 492 3984 l.
504 3927 521 3985 1.
539 3947 563 4003 p.
576 3930 637 3987 209,
656 3937 706 3984 not.
717 3949 744 4006 9,
