2952 4556
194 526 467 616 jubetlmperator,
486 541 520 593 ut
535 527 687 593 obvelatae
703 529 793 615 hujus
811 529 1070 596 »intercessionis«
1085 539 1211 597 mutuae

198 647 235 710 io·
251 657 365 708 tantum
394 647 471 709 ratio
502 644 661 722 habeatur,
693 655 727 708 ut
755 645 884 710 creditor
913 665 1014 710 omnes
1041 659 1210 734 praesentes

198 759 285 828 stunt
309 763 465 825 convenire
490 773 623 849 cogatur,
643 759 740 846 judex
762 773 859 825 autem
882 781 960 847 quos
977 783 1015 826 ex
1033 764 1069 825 iis
1085 761 1210 826 idoneos

198 877 343 940 invenerit
365 875 553 954 condemnet,
579 889 613 941 ut
636 879 831 940 communiter
847 875 987 940 creditori
1010 876 1141 943 debitum
1157 901 1211 943 ex·

198 991 325 1056 solvant.
354 1029 389 1040 —-
417 992 501 1058 Unde
530 1005 655 1080 apparet
682 989 711 1057 ct
733 995 832 1079 ipsum
855 991 1077 1080 Vangerovium
1098 1017 1116 1058 a
1139 1017 1211 1059 eon·

197 1110 288 1172 trario
313 1107 430 1195 quidem
455 1112 608 1196 principio,
631 1131 770 1173 exorsum
795 1107 921 1195 denique
944 1108 983 1173 ad
1005 1108 1127 1174 eandem
1150 1109 1210 1176 iere

197 1244 340 1288 summam
356 1228 535 1311 pervenisse,
560 1246 648 1311 quam
663 1223 787 1288 Novella
803 1217 986 1306 contineri¹⁰l
1004 1229 1105 1310 opinio
1130 1247 1211 1290 com-

197 1342 294 1403 munis
324 1339 408 1417 dicit,
440 1343 574 1427 quamvis
604 1341 738 1404 omittere
762 1361 829 1403 non
857 1340 956 1417 liceat,
987 1340 1210 1429 Vangerovium

197 1475 312 1518 summo
337 1457 406 1540 jure
433 1455 625 1531 contendere,
656 1454 829 1519 beneficium
851 1455 992 1520 Novellee
1021 1479 1038 1520 a
1066 1456 1208 1523 beneficio

198 1567 367 1646 divisionis,
392 1570 478 1657 quale
502 1592 540 1634 ex
562 1568 698 1654 Epistola
721 1569 749 1633 d.
767 1569 908 1634 Hadriani
931 1569 1097 1656 proiectum
1120 1573 1209 1639 hodie

195 1683 370 1771 plerumque
393 1688 543 1771 accipitur,
568 1689 689 1750 omnino
714 1685 890 1771 discrepare.

150 1881 154 1890 .
265 1797 438 1864 Guilielmus
463 1794 654 1883 Girtauner¹¹l
678 1804 709 1865 in
735 1800 857 1865 eandem
886 1800 945 1867 lere
968 1805 1142 1868 sententiam
1163 1807 1210 1868 in-

197 1915 277 1981 cidit.
312 1914 387 1980 Nam
410 1917 518 2003 rejecto
542 1917 699 1982 commodo
724 1918 848 2004 aequali,
873 1916 955 2005 quod
970 1940 985 1982 e
1002 1930 1155 1983 contractu
1170 1919 1209 1983 ad

196 2052 436 2120 unumquemque
459 2037 628 2120 pervenisse
652 2032 813 2098 secundum
830 2033 1053 2122 Vangerovium
1078 2048 1207 2121 oportet,

197 2169 262 2211 cum
286 2147 464 2213 Sehroctero
489 2149 607 2236 quidem
631 2153 751 2226 statuit,
781 2163 816 2214 ut
844 2153 885 2214 rei
909 2173 947 2216 ex
970 2173 1058 2215 causa
1081 2172 1209 2216 onerosa

197 2261 318 2350 obligati
342 2266 410 2340 sint,
436 2269 608 2352 ceteroquin
631 2279 728 2334 autem
750 2267 974 2354 Vangerovium
997 2269 1140 2353 sequitur.
1169 2303 1204 2315 -

195 2377 367 2444 Ludovicus
382 2379 523 2458 Riieliert,
548 2381 631 2468 quod
652 2382 690 2447 ed
706 2404 807 2447 vocem
823 2373 897 2444 o’ii..
912 2373 969 2446 ὑπ.
985 2385 1114 2470 respicit,
1130 2381 1209 2447 Bur-

196 2493 317 2559 chardio
335 2500 469 2574 assensit,
491 2495 575 2584 quod
590 2497 626 2561 ad
644 2497 778 2562 effectum
794 2496 968 2585 adjectionis
984 2501 1032 2562 »in
1048 2497 1206 2574 solidum«,

195 2607 417 2698 Vangcrovium
434 2624 552 2677 secutus
569 2625 622 2691 est,
646 2612 730 2701 quod
745 2615 783 2680 ad
798 2611 981 2694 beneficium,
1000 2615 1038 2681 ad
1052 2615 1206 2682 Bartolum

194 2724 261 2790 lieet
283 2729 395 2792 invitus
418 2722 613 2811 accessisse¹²l
638 2730 765 2795 videtur.

262 2841 341 2906 Tum
364 2837 576 2927 Dedekind¹⁸),
606 2847 657 2932 qui
688 2848 719 2908 in
742 2847 865 2911 notione
890 2843 963 2911 etit
977 2843 1031 2912 dra.
1047 2847 1207 2914 derivanda

194 2969 224 3020 ct
252 2955 287 3020 de
316 2959 412 3043 primo
435 2957 576 3023 Novellae
605 2972 762 3046 praecepto
791 2981 856 3024 cum
879 2960 1066 3027 Burchardio
1095 2977 1124 3029 ct
1147 2964 1206 3029 Ha-

193 3069 318 3135 loandro
343 3075 503 3149 consentit,
532 3073 609 3137 hanc
633 3096 739 3138 novam
764 3077 794 3138 in
818 3076 948 3141 secundo
971 3092 1129 3167 praecepto
1154 3103 1206 3145 ex·

193 3186 331 3274 plicando
355 3189 606 3275 interpretationis
632 3191 706 3253 viam
735 3191 887 3277 ingressus
917 3205 976 3271 est,
1009 3193 1091 3282 quod
1113 3196 1206 3282 proli·

190 3315 282 3380 tetur,
298 3304 355 3368 soli
371 3315 491 3368 mutuae
507 3303 691 3390 fidejussioni
708 3304 800 3383 verba
814 3309 864 3372 »in
880 3307 1030 3374 solidum«
1043 3310 1206 3398 adjicienda

193 3441 267 3484 esse.
303 3419 385 3503 Quae
402 3419 491 3486 verba
506 3399 675 3486 iustiniano
691 3422 815 3510 ejusque
831 3424 1003 3511 aequalibus
1025 3427 1096 3493 dicit
1116 3428 1206 3494 bene-

192 3534 258 3600 ficio
282 3540 466 3602 excussionis
498 3541 645 3603 contraria
669 3540 734 3601 visa
763 3560 841 3616 esse,
869 3540 1078 3629 Imperatorem
1107 3555 1205 3607 autem

191 3650 365 3717 heneficium
394 3651 468 3717 illud
496 3675 557 3717 non
586 3652 759 3718 omnimodo
786 3655 961 3734 exclusisse,
992 3656 1044 3722 sed
1073 3656 1205 3722 »medio-

247 3814 279 3880 ιθ)
302 3815 382 3871 Aliter
394 3816 500 3872 Sintenis
512 3815 553 3872 ll
564 3816 659 3873 Colum.
668 3816 693 3872 2.
712 3817 761 3874 Sed
773 3817 816 3874 eir.
825 3821 967 3895 Vangerow
978 3819 1019 3875 tl.
1028 3838 1052 3892 p.
1058 3819 1101 3876 89.
1110 3821 1152 3876 90.
1162 3821 1205 3876 95.

245 3914 279 3981 Η)
304 3913 431 3968 (iirtanner
448 3913 493 3968 ll
511 3932 535 3986 p.
551 3915 600 3970 127
614 3933 667 3987 sqq.
687 3947 721 3957 -
741 3916 774 3985 ¹²)
792 3917 900 3973 Rtickcrt
917 3936 941 3990 p.
953 3916 988 3972 43
1000 3935 1055 3989 sqq.
1066 3935 1090 3989 p.
1103 3917 1137 3973 59
1149 3935 1204 3990 sqq.

246 4010 278 4080 ¹⁸)
301 4011 426 4066 lledelrind
443 4030 467 4082 p.
482 4013 529 4067 151
544 4030 599 4085 sqq.

990 4111 1008 4173 3
