2936 4554
623 333 781 441 ffl-

194 530 291 584 autem
319 539 382 582 non
409 519 502 606 magis
524 516 731 604 fidejussores,
762 537 850 603 quam
873 515 1061 581 mandatores
1085 528 1114 580 et
1136 537 1208 581 con-

194 637 347 700 stitutores
372 656 435 699 esse
459 633 608 699 videntur.

259 750 381 814 Rectius
405 773 475 816 vero
501 748 647 838 Georgius
671 747 854 813 Friedericus
873 741 1028 830 Puchta³),
1053 751 1138 835 cujus
1162 751 1208 812 in-

192 869 311 954 genium
327 866 500 944 immortale,
516 867 597 930 nulla
613 864 783 930 difficultate
801 864 983 952 impeditum,
1004 867 1088 952 quasi
1105 865 1206 930 divino

192 985 325 1047 acumine
340 983 388 1048 hio
404 1004 525 1070 quoquc
540 985 692 1049 veritatem
710 981 830 1059 detexit,
854 981 930 1046 hanc
946 984 1119 1046 sententiam
1135 1003 1207 1068 pro-

192 1097 288 1164 lessus
313 1111 372 1164 est:

304 1218 370 1281 »ein
399 1215 482 1278 nicht
503 1215 660 1301 juristisch
688 1192 872 1280 technischer
894 1214 1057 1280 Ausdruck
1086 1214 1134 1280 liir
1161 1215 1207 1280 die

203 1377 207 1384 -
303 1328 506 1396 Uebernahme
529 1334 609 1395 einer
633 1327 862 1395 Correalschuld
885 1326 935 1412 (da
958 1354 1007 1396 wo
1031 1355 1099 1396 man
1122 1345 1208 1397 sonst

303 1467 361 1509 nur
383 1468 439 1533 pro
464 1457 548 1533 parte
571 1444 672 1510 hasten
695 1442 841 1529 wiirde).«

191 1562 298 1628 Mirum
327 1565 404 1627 enim
431 1562 510 1626 illam
541 1583 643 1626 vocem
672 1574 761 1649 atque
790 1562 966 1650 singularem
998 1585 1014 1626 a
1037 1562 1206 1629 Justiniano

192 1701 269 1744 more
292 1677 456 1744 affectatam
478 1700 551 1757 esse,
576 1701 612 1741 eo
636 1677 794 1743 clarissime
816 1691 947 1764 apparet,
973 1677 1055 1766 quod
1077 1691 1105 1744 et
1120 1672 1206 1760 alia⁴l

191 1793 328 1860 adhibuit
365 1798 395 1859 in
428 1792 552 1860 Novella
590 1797 729 1872 nomina,
769 1793 877 1882 quibus
912 1816 980 1859 reos
1014 1794 1207 1882 promittendi

191 1912 378 2001 significaret.

257 2027 389 2094 Dubium
423 2049 486 2092 esso
514 2031 632 2115 nequit,
664 2030 736 2114 quin
762 2026 949 2092 lustinianus
978 2026 1075 2092 verbis
1106 2024 1206 2091 »dxci-

190 2165 266 2222 νους
282 2192 309 2209 ..
327 2139 501 2226 γεγόνασι,«
518 2165 593 2231 quae
609 2164 701 2228 supra
716 2146 900 2231 interpretati
916 2166 1029 2221 sumus,
1046 2147 1141 2231 ipsam
1157 2167 1206 2210 ra-

190 2265 301 2328 tionem
316 2263 455 2339 innuerit,
471 2282 530 2349 qua
546 2259 685 2324 inductus
703 2263 750 2337 sit,
771 2272 805 2324 ut
820 2259 939 2325 duobus
956 2262 1014 2324 reis
1030 2259 1205 2326 beneficium

191 2378 346 2443 divisionis
370 2376 608 2454 accommodarit,
633 2375 664 2440 id
686 2376 768 2465 quod
783 2390 934 2462 praeterea
950 2376 1048 2442 verbis
1073 2375 1204 2464 »καὶμὴ

189 2488 225 2559 cd
241 2497 351 2559 xoivor
364 2495 457 2578 χρέος
472 2487 559 2560 fflco‘v
573 2513 659 2568 τινος
673 2494 815 2572 γινέσθω·
831 2488 953 2581 deipnos
976 2493 1128 2559 manifeste
1153 2495 1204 2560 de-

190 2604 358 2692 claratur⁵).
396 2611 497 2697 Atque
520 2632 596 2688 cum,
620 2631 696 2698 quae
719 2593 766 2675 sit¹
780 2609 898 2675 illorum
922 2632 988 2675 cum
1003 2610 1101 2676 verbis
1125 2606 1204 2674 »ut-

189 2723 369 2811 ληλεγγύως
389 2723 592 2791 tuscanen«
617 2727 797 2811 conjunctio,
827 2730 1070 2813 exposuerimus,
1098 2731 1203 2792 merito

190 2840 409 2918 contendimus,
439 2815 647 2928 Imperatorem
672 2843 771 2903 statim
794 2838 830 2904 ab
855 2845 939 2905 initio
963 2844 1107 2906 rationem
1130 2842 1202 2929 legis

190 2958 393 3023 demonstrare
416 2957 555 3022 voluisse.
596 2954 678 3040 Quae
696 2957 865 3042 conjectura
881 2969 945 3022 rata
960 2955 1015 3020 tibi
1030 2961 1093 3034 orit,
1118 2979 1204 3044 prae-

190 3077 274 3161 cipue
301 3076 326 3137 si
350 3073 534 3151 consideres,
565 3095 625 3161 quo
650 3073 716 3137 loco
741 3072 874 3137 vexilla
897 3072 1029 3161 undique
1052 3072 1203 3160 disputata

188 3193 287 3278 posita
310 3192 363 3266 sit,
388 3192 429 3254 ita
452 3203 487 3254 ut
509 3190 660 3278 legislator
681 3203 741 3256 tarn
765 3189 803 3254 ad
826 3192 1027 3277 prooemium,
1052 3212 1139 3278 quam
1164 3190 1202 3255 ad

189 3329 222 3372 ea
254 3318 411 3393 praecepta
442 3306 580 3400 lectorem
609 3307 744 3396 ablegare
773 3307 922 3386 videatur,
960 3328 1035 3395 quae
1063 3311 1201 3394 protinus

189 3435 361 3510 sequautur.

241 3592 263 3661 3)
286 3591 380 3648 ructu
398 3589 495 3647 vertes.
513 3591 559 3646 m.
573 3589 598 3645 2.
618 3609 641 3664 p.
654 3589 697 3646 ar.

240 3690 262 3759 4)
285 3689 336 3746 oa.
355 3688 417 3760 §ao
434 3691 460 3743 n
478 3689 495 3743 r.

241 3787 264 3858 5)
287 3787 337 3845 on.
356 3787 419 3860 §so
436 3789 488 3843 rua.
