2952 4556
654 285 808 386 „Q

286 467 459 534 Franciscns
497 460 696 548 Balduinus⁴l
732 462 804 530 ott.
837 459 1048 544 ὑπευθύνους
1085 481 1137 533 aut
1171 471 1233 534 vice

220 599 322 650 mutua
344 585 534 670 fidejussores
558 607 609 649 eos
633 582 797 671 appellatos
822 607 884 649 esse
909 585 997 660 dixit,
1030 588 1080 672 qui
1103 607 1159 670 pro
1184 586 1234 650 dc·

216 699 281 764 bito
306 701 460 786 principali
484 701 578 764 alieno
608 700 799 785 fidejussores
829 698 897 763 lacti
926 712 1078 786 praeterea
1109 703 1233 764 invicem

218 839 273 903 pro
299 819 463 903 semetipsis
486 815 695 901 fidejusscriut,
720 818 761 879 ita
784 827 818 881 ut
842 819 903 879 vice
920 827 1024 878 mutua
1041 799 1232 901 fidejussores

217 955 319 996 revera
347 931 537 1017 fidejussores
566 931 753 1008 succedanei,
785 930 868 1018 quod
896 942 993 995 autem
1023 929 1232 1018 obligationem

218 1071 320 1114 eorum
343 1048 535 1135 principalem
558 1051 676 1123 attinet,
701 1046 891 1132 fidejussores
915 1041 1129 1133 (principales)
1153 1050 1221 1111 siut.

283 1163 396 1228 Deinde
413 1157 586 1244 Donellus⁵l
609 1166 671 1227 vice
694 1176 797 1227 mutua
819 1162 1010 1247 fidejussores
1034 1183 1086 1226 eos
1110 1165 1231 1247 accepit,

217 1282 269 1367 qui
293 1279 446 1366 stipulanti
471 1278 608 1342 creditori
632 1278 796 1343 alternatim
820 1281 1020 1366 promiserint,
1045 1281 1086 1341 ita
1102 1291 1136 1342 nt
1151 1281 1233 1364 prin-

217 1395 319 1481 cipalis
344 1394 486 1480 obligatio
511 1393 631 1458 alterius
655 1416 669 1457 e
694 1407 797 1458 mutuo
823 1405 959 1480 accepto,
991 1394 1110 1458 alterius
1135 1406 1231 1458 autern

217 1531 233 1572 e
262 1508 453 1593 fidejussione
482 1509 635 1594 principali
667 1523 732 1572 orta
762 1513 808 1573 sit.
856 1509 896 1570 Τ·
928 1511 1004 1571 enim
1033 1509 1233 1595 principaliter

217 1626 379 1710 promittit,
411 1621 446 1686 8⁸
471 1644 526 1707 pro
554 1643 589 1686 eo
618 1623 774 1709 fidejubet,
799 1645 854 1710 pro
880 1623 917 1688 S⁰
941 1636 1038 1688 autem
1063 1623 1103 1687 T*
1126 1629 1231 1689 iterum

216 1739 376 1826 fidejussor
398 1741 549 1824 accipitur.
597 1737 691 1826 Cujus
716 1740 842 1805 alternae
865 1738 1065 1825 fidejussionis
1095 1753 1231 1804 naturam

217 1868 246 1919 et
269 1854 402 1920 ellectum
425 1853 569 1918 Donellus
593 1857 633 1919 ita
650 1856 836 1942 descripsit,
869 1868 903 1919 ut
932 1876 1009 1932 rem,
1040 1858 1071 1919 iu
1102 1878 1162 1944 qua
1190 1856 1231 1920 illi

216 1993 247 2034 se
264 1970 468 2058 obligaverint,
485 1975 515 2035 in
532 1993 685 2035 commune
702 1971 738 2036 ad
756 1984 914 2058 utrumque
930 1974 1108 2058 pertinuisse
1121 1993 1231 2058 eosque

216 2107 246 2150 se
262 2090 291 2151 in
309 2109 342 2150 ea
357 2100 391 2152 ut
414 2091 443 2152 in
464 2110 496 2152 re
513 2090 670 2161 communi,
695 2086 820 2172 preinde
844 2100 874 2152 et
896 2111 951 2175 pro
976 2101 1059 2175 parto
1083 2087 1231 2176 obligasse

214 2203 377 2288 perhibeat.
423 2205 524 2290 ltaque
548 2225 614 2267 eum
638 2215 762 2290 uterque
786 2215 815 2266 et
844 2225 912 2267 reus
942 2205 1113 2290 principalis
1137 2216 1166 2268 et
1189 2203 1231 2266 al·

214 2321 306 2383 terius
330 2318 489 2405 fidejussor
512 2317 606 2383 lautus
636 2322 691 2395 sit,
723 2340 819 2406 neque
848 2319 907 2384 ulla
936 2341 1024 2383 causa
1051 2322 1228 2395 inveniatur,

215 2457 267 2498 cur
290 2434 418 2500 creditor
441 2436 563 2499 alterurn
588 2438 696 2523 magis,
722 2455 809 2522 quarn
834 2435 973 2511 alterurn,
1005 2435 1175 2523 etquidem
1200 2439 1230 2498 in

214 2550 342 2614 solidum
372 2554 528 2616 convenire
559 2551 629 2617 velit
662 2572 695 2614 ac
724 2554 835 2637 possit,
870 2553 1033 2638 Imperator
1067 2551 1229 2616 secundum

213 2665 369 2732 Douellurn
387 2666 489 2743 edixit,
514 2679 548 2730 ut
565 2666 761 2754 obligationes
782 2655 992 2752 fidejussorum
1010 2679 1183 2731 mutuorum
1198 2670 1228 2730 in

214 2781 342 2846 solidum
365 2803 444 2868 resp.
469 2785 530 2845 sine
559 2793 589 2845 et
616 2780 673 2844 sub
702 2781 871 2846 conditione
895 2785 925 2845 in
950 2782 1148 2869 obligationes
1172 2805 1228 2869 pro

153 2956 155 2963 .
213 2911 297 2984 parte
320 2889 580 2977 resolverentur⁶).

280 3005 475 3091 Burehardi⁷)
500 3033 516 3073 a
539 3022 641 3074 mutua
664 3009 855 3096 fidejussione
879 3031 945 3072 eum
969 3031 1068 3074 casum
1092 3011 1228 3088 exclusit,

214 3126 266 3192 ubi
289 3127 389 3215 plnres
419 3122 549 3192 debitum
580 3128 773 3190 communiter
803 3137 1016 3190 contraxerunt
1046 3137 1076 3190 et
1104 3128 1229 3192 invicem

213 3243 269 3308 sibi
298 3243 489 3329 fidejussores
518 3245 711 3319 exstiterunt,
747 3254 850 3306 contra
882 3243 979 3306 autem
1007 3241 1229 3328 fidejussionem

213 3373 346 3424 mutuam
369 3381 436 3424 vere
460 3358 562 3423 adesse
587 3357 676 3434 dicit,
697 3358 748 3423 ubi
770 3359 870 3446 plures
895 3381 932 3424 ex
956 3357 1056 3425 debito
1080 3363 1228 3425 communi

213 3490 365 3541 contracto
389 3479 418 3540 in
443 3475 571 3540 solidum
594 3477 687 3539 teneri
711 3496 741 3540 se
758 3475 830 3540 velle
845 3479 1029 3562 promittant,
1054 3497 1113 3564 qua
1128 3499 1160 3540 re
1176 3498 1230 3563 ap·

212 3605 312 3680 paret,
337 3604 469 3657 mutuam
493 3595 732 3657 intercessionem
755 3595 882 3668 tacitam,
908 3593 1003 3679 qualis
1018 3614 1056 3657 ex
1073 3589 1142 3658 SC⁸⁰
1157 3592 1228 3656 Vel-

265 3854 287 3920 ⁴)
313 3854 362 3909 cfr.
377 3853 390 3924 ξ
403 3855 428 3907 4.
448 3883 482 3894 -
500 3854 522 3922 ⁵)
535 3853 585 3909 Cir.
599 3852 647 3922 §4.
668 3884 702 3894 -
720 3856 741 3922 θ)
755 3854 834 3909 Aliter
846 3853 962 3910 lloncllus
974 3850 991 3910 l.
1000 3853 1016 3909 l.
1031 3853 1226 3928 Capitinam

266 3949 288 4018 l)
310 3951 385 4005 Arch.
398 3949 415 4008 l.
428 3969 449 4006 o.
461 3952 502 4008 Pr.
520 3951 536 4006 l.
549 3951 565 4006 l.
585 3969 608 4024 p.
622 3950 663 4009 58.
678 3950 720 4009 68.
734 3953 777 4008 69.
