2936 4554
652 251 812 352 *ee-

224 458 259 502 ea
291 433 445 502 translatio
475 433 557 498 nulla
590 431 819 519 reprehensione
854 429 944 518 digna
971 427 1058 496 loret.
1104 428 1240 498 Asrerue

224 564 321 618 autern
356 573 390 615 ea
418 552 555 615 versione
589 545 683 613 iretns
713 544 867 612 Novellarn
893 544 917 612 4
946 546 1002 610 alia
1032 545 1240 634 explanatione

224 689 310 755 egere
332 664 498 753 perhibuit,
522 663 554 728 id
577 662 669 751 quod,
694 665 834 750 quoniam
857 660 1078 750 Homberglius
1100 684 1116 726 e
1140 661 1241 728 delen·

224 781 343 848 soribus
372 783 523 869 opinionis
557 780 721 845 eommunis
755 799 818 842 non
853 776 926 855 luit,
960 799 1086 865 prorsus
1121 778 1240 843 infitiari

224 921 285 964 non
308 919 444 985 possum.
476 896 575 984 Magis
598 907 695 960 tamen
710 891 857 980 expediet,
881 893 919 958 ad
941 896 1036 981 ipsam
1057 893 1164 960 Asreri
1186 915 1241 962 ex·

224 1013 413 1101 plicationem
436 1014 571 1077 transire.

290 1120 467 1209 Asuerus¹')
491 1124 530 1192 ad
552 1125 686 1191 Verbum
709 1123 844 1190 (letoius
860 1123 1034 1211 Snbjeetum
1056 1119 1116 1191 etv
1138 1123 1240 1211 νόμον

225 1244 392 1332 supplevit,
422 1254 452 1309 et
479 1244 614 1331 quamvis
643 1244 740 1306 minus
763 1241 923 1318 violenter,
954 1263 1043 1329 qnam
1070 1241 1240 1308 Holoander

223 1362 411 1448 prooemium
434 1361 644 1444 interpretatus
668 1359 716 1434 sit,
741 1369 838 1422 tamen
861 1378 897 1421 ne
920 1359 977 1422 ieta
992 1357 1111 1446 quidem
1127 1378 1240 1445 suppo-

224 1478 294 1541 sitio
313 1473 433 1540 serenda
455 1485 509 1538 est.
543 1470 587 1538 Ne
610 1472 728 1560 regulas
750 1485 780 1538 et
802 1483 975 1561 argumenta
989 1471 1162 1539 Haloandro
1185 1471 1241 1539 ob·

219 1592 299 1678 jeeta
315 1601 492 1677 repetamus,
515 1591 618 1675 potius
633 1611 673 1654 ex
687 1592 842 1654 universae
857 1591 1110 1676 interpretationis
1126 1610 1241 1654 summa

225 1705 419 1782 deducemus,
449 1704 687 1792 supplementum
714 1705 823 1772 Asreri
853 1704 960 1770 salsum
985 1727 1059 1771 esse.
1104 1702 1240 1770 Asverus

224 1835 340 1888 textum
364 1820 508 1887 Graecum
532 1843 597 1886 cum
620 1820 792 1887 Haloandro
816 1823 919 1886 vertit:

337 1959 438 2025 »quoe
470 1959 551 2002 nune
583 1936 697 2026 indiget
730 1938 786 2003 alia
819 1936 947 2025 quadam
975 1935 1184 2024 explanatione
1211 1946 1241 2000 et

336 2051 524 2140 adjectione«

225 2169 296 2236 dnm
319 2191 358 2234 ex
380 2191 436 2234 sua
458 2172 603 2234 sententia
626 2182 739 2235 vertere
763 2166 880 2234 debuit:

336 2285 387 2348 rln
416 2289 565 2372 praesenti
593 2287 691 2350 risum
719 2298 780 2364 est,
810 2306 874 2350 eam
903 2284 996 2372 legem
1027 2283 1085 2348 alia
1112 2280 1240 2369 quadam

336 2399 544 2486 explanatione
568 2412 598 2465 et
620 2399 784 2488 adjectione
810 2437 847 2450 -
873 2400 1030 2487 indigere«

292 2514 354 2582 Sed
377 2518 440 2581 sive
469 2516 536 2593 illo,
566 2519 628 2580 sive
657 2515 715 2582 hoe
737 2514 827 2583 modo
850 2515 941 2583 rerba
963 2513 1122 2582 uanslerre
1144 2515 1238 2593 malis,

225 2654 341 2721 semper
367 2632 448 2696 hune
470 2635 506 2697 iis
529 2653 649 2697 sensum
672 2635 766 2698 inesse
788 2632 895 2721 liquet:
923 2628 1002 2697 Nor.
1018 2630 1041 2697 4
1054 2635 1128 2718 pom
1148 2631 1244 2696 sesnel

225 2750 382 2837 explanata
416 2759 462 2812 est
489 2761 519 2814 et
545 2746 777 2814 additamentum
806 2751 932 2836 aceepit,
967 2769 1047 2814 nune
1075 2771 1146 2813 vero
1176 2744 1241 2814 alla

224 2861 357 2951 (ἑτέρας)
381 2864 588 2951 explanatione
611 2877 642 2930 et
663 2864 828 2952 adjectione
850 2864 971 2952 indiget.
1000 2861 1121 2939 -·‚tJbi
1141 2876 1239 2929 autem

224 2985 308 3070 prior
330 2984 387 3045 ista
409 2980 550 3046 Novellae
571 2977 595 3045 4
621 2980 790 3068 explanatio
815 2979 937 3046 exstat?
966 2978 1050 3067 quod
1079 2991 1165 3046 antea
1187 2979 1240 3044 ad-

224 3097 417 3162 ditamentum
451 3095 493 3160 illi
527 3098 734 3160 constitutioni
761 3094 871 3160 laetum
902 3097 966 3161 est?
1000 3117 1066 3160 cnm
1094 3093 1172 3160 Nor.
1195 3091 1238 3161 99

225 3208 289 3278 tllt
317 3212 348 3277 h.
365 3234 390 3276 e.
413 3223 496 3278 truta
525 3210 695 3296 explanatio
725 3222 755 3274 et
783 3223 892 3276 norun
915 3209 1153 3276 addidamentum
1176 3209 1240 3276 No·

225 3327 316 3391 vellae
345 3325 368 3390 4
396 3347 460 3390 esse
490 3324 615 3389 dicatur.
638 3359 684 3372 —
712 3322 801 3407 Quod
832 3347 902 3414 ergo
934 3347 999 3390 eum
1028 3330 1161 3414 ineptum
1189 3329 1237 3404 sit,

224 3454 254 3507 et
268 3463 306 3505 ne
322 3453 385 3504 tum
402 3439 530 3527 quidem,
552 3461 617 3504 eum
633 3435 651 3503 ὅ
665 3437 765 3522 νόμος
783 3440 821 3505 ad
837 3436 971 3518 »ἔδοξει
987 3441 1126 3519 trahitur,
1148 3439 1239 3506 verba

225 3577 316 3621 sensu
338 3554 452 3619 meliori
473 3557 618 3620 instructa
639 3576 703 3620 esse
719 3555 884 3634 videantur,
908 3557 985 3622 hane
1000 3559 1239 3645 suppositionem

225 3671 334 3739 Asveri
356 3683 506 3758 tamquam
529 3669 604 3737 lalso
627 3671 803 3759 applicatam
824 3673 981 3758 rejicimus.

279 3915 311 3984 ¹²)
329 3917 441 3971 Arverna
460 3933 484 3988 p.
496 3914 540 3970 46.
553 3915 598 3970 47.
