2936 4554
644 293 805 396 *cge-

680 523 768 609 ssi.

216 663 262 730 lll.
296 664 385 729 Loci
412 661 585 727 nonnulli
615 659 872 747 explicantur,
896 663 932 724 in
956 659 1096 748 quibus
1120 683 1230 728 voees

215 775 492 870 ᾇλληλέγγυος
513 789 548 842 et
568 770 849 860 dllpleyre'coc
867 789 1084 842 occurrunt.
1102 812 1137 828 -
1156 776 1184 843 l.
1200 778 1230 844 li

250 895 340 972 loci,
365 896 429 982 qui
450 892 495 958 ad
517 890 709 956 Novellom
731 903 895 958 nostrum
918 914 993 958 non
1016 905 1198 978 spectant

282 1054 305 1120 l.
341 1051 556 1119 Constantinus
579 1045 845 1138 Harmooopulns¹)
868 1055 900 1117 in
921 1051 1003 1117 Mon.
1026 1052 1124 1140 legum
1145 1054 1166 1118 1.
1181 1053 1228 1119 lll.

216 1183 239 1236 t.
255 1169 312 1246 Vl,
342 1172 394 1258 qui
422 1170 582 1255 inscriptus
611 1180 656 1233 est
684 1171 787 1254 »Περὶ
814 1165 974 1255 broniensi
1001 1171 1057 1232 eoi
1084 1164 1230 1256 ἀντιφω-

216 1284 356 1372 νὴτωνι,
381 1281 457 1368 §17
483 1281 568 1348 elicit:

328 1401 411 1465 »Kal
438 1391 666 1484 ἄλληλεγγύως
694 1396 900 1485 δανειζομένη
927 1397 1010 1483 μετά
1037 1421 1123 1476 τινος
1148 1396 1227 1488 revel

326 1517 526 1602 stephane«

217 1634 301 1722 quod
322 1633 457 1700 Reiteius
479 1634 582 1698 vertit:

327 1749 444 1815 »Etiam
482 1770 549 1813 curn
583 1747 641 1812 alio
675 1760 812 1813 mutuum
847 1749 992 1834 occipiens
1026 1761 1115 1837 atque
1148 1750 1228 1816 ultro

328 1869 461 1952 citroque
483 1863 648 1951 fidejubons
671 1862 777 1929 mulier
797 1861 983 1954 adjunctus«

217 1973 414 2062 Buscherdi²l
438 1982 603 2046 versionem
624 1977 733 2044 Reitzii
756 1981 818 2066 jem
841 1982 1034 2068 inscriptione
1056 1981 1136 2047 tituli
1158 2003 1229 2048 con·

216 2100 326 2166 firmari
346 2095 507 2173 contendit,
530 2087 695 2177 Asverus⁸l
719 2117 782 2160 eom
800 2095 994 2183 comprobare
1009 2096 1144 2175 haesitat,
1168 2097 1230 2164 Pu·

216 2206 409 2294 lcndorlius⁴l
428 2224 458 2277 et
473 2205 661 2300 Stryelrius⁵)
675 2210 825 2277 Reitzium
840 2211 1102 2300 reprehenderunt.
1135 2213 1229 2302 Equi-

217 2329 283 2395 dem
306 2351 368 2394 non
391 2326 495 2393 dubito
518 2329 550 2391 i'n
565 2339 664 2415 partes
681 2325 813 2414 Stryclrii
827 2340 857 2393 et
870 2327 1054 2394 Pulendorlii
1070 2328 1228 2396 discedere.

216 2445 302 2523 Nam,
325 2443 408 2531 quod
422 2442 557 2508 Reitzius
572 2441 644 2508 dicit
658 2455 769 2531 »utque
782 2443 863 2508 ultro
880 2447 1049 2534 citroque«,
1067 2445 1099 2511 id
1114 2468 1131 2511 a
1147 2443 1229 2512 Con-

217 2563 347 2628 stantino
371 2561 513 2647 seriptum
535 2579 598 2623 non
620 2569 681 2634 est,
705 2557 757 2623 scd
778 2580 798 2623 s
818 2557 935 2626 Reitzio
959 2583 1038 2626 mero
1059 2561 1175 2639 lictum,
1199 2574 1230 2628 et

216 2689 368 2766 praetereo
396 2676 448 2764 qui
471 2695 576 2739 sensus
604 2676 646 2739 ito
673 2677 741 2739 voci
767 2679 864 2738 »eoi«
891 2679 993 2755 inerit,
1024 2677 1098 2765 quid
1124 2678 1229 2744 mulier

217 2805 357 2859 mutuans
380 2793 510 2857 nouom«
533 2790 703 2879 adjuvatur,
726 2812 802 2879 quoe
823 2805 924 2881 operte
946 2793 1163 2859 intercesserit?
1188 2831 1224 2842 -

216 2909 308 2976 Immo
337 2930 408 2974 vcro
439 2930 531 2996 quum
559 2929 632 2972 voce
662 2909 892 2993 »peplorum
914 2921 979 2974 tum
1009 2908 1101 2975 verbo
1125 2911 1229 2986 »eois

217 3039 280 3092 tum
303 3047 349 3103 eo,
374 3023 457 3112 quod
479 3023 516 3090 de
537 3024 659 3088 muliere
682 3026 789 3111 agitur,
812 3023 998 3111 impellimur,
1022 3037 1058 3090 ut
1081 3023 1230 3092 Constan-

216 3144 312 3207 tinum
335 3139 371 3206 de
394 3137 453 3206 SC.
469 3137 621 3224 Vellejano
645 3139 778 3203 locutum
800 3161 864 3204 esse
887 3143 1079 3229 accipiamus,
1107 3143 1229 3228 etquis

218 3254 277 3322 SC.
293 3255 478 3340 Vellejsnum
499 3275 562 3318 non
581 3265 696 3318 tontum
712 3252 751 3318 acl
764 3252 981 3341 fidejussiones,
1005 3255 1058 3321 sed
1072 3254 1111 3320 ad
1127 3278 1228 3321 omues

217 3371 372 3436 mulierum
400 3371 623 3435 intercessiones
647 3381 774 3456 spectat,
800 3373 1023 3459 inscriptionem
1045 3384 1168 3459 apparet
1189 3374 1230 3436 ti-

215 3486 281 3563 toli‚
305 3487 337 3550 in
359 3505 418 3573 quo
439 3496 591 3572 practerea
613 3497 643 3550 et
664 3487 723 3572 ipsi
743 3481 1002 3573 ’dmepmrp'coes
1017 3499 1227 3564 memorentur,

272 3693 293 3762 ¹)
314 3691 344 3748 ln
361 3692 485 3766 Supplem.
503 3695 561 3748 novi
578 3693 686 3748 thesauri
698 3693 749 3766 jur.
763 3696 811 3749 civ.
830 3703 854 3749 et
871 3713 921 3750 can
935 3713 967 3750 ex
980 3693 1034 3751 coll.
1047 3703 1071 3752 et
1084 3713 1149 3750 mus.
1162 3695 1228 3750 ller-

217 3794 344 3852 monninno
363 3793 400 3848 ecl.
412 3793 437 3847 J.
451 3792 480 3846 L.
492 3791 522 3846 B.
536 3791 565 3846 ‹le
577 3793 725 3846 Meermano.
743 3793 827 3866 Hagno
846 3793 914 3847 com.
928 3793 1006 3850 1780.

271 3889 293 3956 ²)
311 3890 445 3944 Bur-ohardi
462 3889 478 3942 l.
491 3889 507 3943 l.
526 3898 577 3944 not.
590 3887 633 3945 36.
663 3920 695 3930 -
722 3890 744 3959 ⁸)
767 3892 879 3944 Asverus
896 3909 921 3962 p.
935 3891 978 3946 59.

271 3985 294 4058 ⁴)
312 3985 508 4043 Pufendorill.
527 3985 587 4060 ἓν.
616 4019 651 4029 -
677 3986 699 4056 ⁵)
723 3987 852 4060 Stryolrius
869 3987 886 4043 l.
898 3986 915 4043 1.
933 4005 970 4044 nr.
985 3989 1009 4047 1.
