<?xml version="1.0" encoding="UTF-8"?>
<!DOCTYPE html PUBLIC "-//W3C//DTD XHTML 1.0 Transitional//EN"
    "http://www.w3.org/TR/xhtml1/DTD/xhtml1-transitional.dtd">
<html xmlns="http://www.w3.org/1999/xhtml" xml:lang="en" lang="en">
 <head>
  <title>
</title>
<meta http-equiv="Content-Type" content="text/html;charset=utf-8" />
  <meta name='ocr-system' content='tesseract 3.04.00' />
  <meta name='ocr-capabilities' content='ocr_page ocr_carea ocr_par ocr_line ocrx_word'/>
</head>
<body>
  <div class='ocr_page' id='page_1' title='image "./novellajustinia00wiedgoog/novellajustinia00wiedgoog_0174.png"; bbox 0 0 2936 4554; ppageno 0'>
   <div class='ocr_carea' id='block_1_1' title="bbox 644 290 805 392">
    <p class='ocr_par' dir='ltr' id='par_1_1' title="bbox 644 290 805 392">
     <span class='ocr_line' id='line_1_1' title="bbox 644 290 805 392; baseline 0 -32"><span class='ocrx_word' id='word_1_1' title='bbox 644 290 805 392; x_wconf 48' lang='lat'><strong>23⁸.-</strong></span> 
     </span>
    </p>
   </div>
   <div class='ocr_carea' id='block_1_2' title="bbox 218 467 1238 3226">
    <p class='ocr_par' dir='ltr' id='par_1_2' title="bbox 218 467 1236 1723">
     <span class='ocr_line' id='line_1_2' title="bbox 218 467 1235 560; baseline -0.004 -18"><span class='ocrx_word' id='word_1_2' title='bbox 218 467 366 560; x_wconf 84' lang='lat' dir='ltr'>rimus¹⁸)‚</span> <span class='ocrx_word' id='word_1_3' title='bbox 390 471 576 540; x_wconf 81' lang='lat' dir='ltr'>conditiones</span> <span class='ocrx_word' id='word_1_4' title='bbox 597 471 808 538; x_wconf 83' lang='lat' dir='ltr'>beneficiorum</span> <span class='ocrx_word' id='word_1_5' title='bbox 831 472 947 538; x_wconf 86' lang='lat' dir='ltr'>easdem</span> <span class='ocrx_word' id='word_1_6' title='bbox 971 493 1046 550; x_wconf 88' lang='lat' dir='ltr'>esse,</span> <span class='ocrx_word' id='word_1_7' title='bbox 1070 493 1108 538; x_wconf 84' lang='lat' dir='ltr'>ex</span> <span class='ocrx_word' id='word_1_8' title='bbox 1131 485 1235 540; x_wconf 85' lang='lat' dir='ltr'>nostra</span> 
     </span>
     <span class='ocr_line' id='line_1_3' title="bbox 219 589 1234 680; baseline -0.002 -24"><span class='ocrx_word' id='word_1_9' title='bbox 219 605 304 680; x_wconf 89' lang='lat' dir='ltr'>parte</span> <span class='ocrx_word' id='word_1_10' title='bbox 326 595 430 657; x_wconf 85' lang='lat' dir='ltr'>merito</span> <span class='ocrx_word' id='word_1_11' title='bbox 451 590 586 655; x_wconf 83' lang='lat' dir='ltr'><strong>dicimus.</strong></span> <span class='ocrx_word' id='word_1_12' title='bbox 624 589 721 654; x_wconf 89' lang='lat' dir='ltr'>Porro</span> <span class='ocrx_word' id='word_1_13' title='bbox 745 591 910 654; x_wconf 85' lang='lat' dir='ltr'>eommunis</span> <span class='ocrx_word' id='word_1_14' title='bbox 926 591 1059 654; x_wconf 87' lang='lat' dir='ltr'>omnium</span> <span class='ocrx_word' id='word_1_15' title='bbox 1075 590 1234 654; x_wconf 82' lang='lat' dir='ltr'>conventio</span> 
     </span>
     <span class='ocr_line' id='line_1_4' title="bbox 219 705 1236 795; baseline -0.003 -23"><span class='ocrx_word' id='word_1_16' title='bbox 219 709 362 795; x_wconf 82' lang='lat' dir='ltr'>postulat,</span> <span class='ocrx_word' id='word_1_17' title='bbox 386 720 422 772; x_wconf 94' lang='lat' dir='ltr'>ut</span> <span class='ocrx_word' id='word_1_18' title='bbox 443 727 544 772; x_wconf 87' lang='lat' dir='ltr'>ornnes</span> <span class='ocrx_word' id='word_1_19' title='bbox 566 706 655 770; x_wconf 79' lang='lat' dir='ltr'>initio</span> <span class='ocrx_word' id='word_1_20' title='bbox 674 705 736 772; x_wconf 77' lang='lat' dir='ltr'>litis</span> <span class='ocrx_word' id='word_1_21' title='bbox 750 707 781 770; x_wconf 93' lang='lat' dir='ltr'>h.</span> <span class='ocrx_word' id='word_1_22' title='bbox 798 729 823 772; x_wconf 90' lang='lat' dir='ltr'>e.</span> <span class='ocrx_word' id='word_1_23' title='bbox 841 705 1146 770; x_wconf 66' lang='lat' dir='ltr'>elitisoontestationis</span> <span class='ocrx_word' id='word_1_24' title='bbox 1161 717 1236 770; x_wconf 88' lang='lat' dir='ltr'>tem·</span> 
     </span>
     <span class='ocr_line' id='line_1_5' title="bbox 219 813 1235 912; baseline -0.004 -24"><span class='ocrx_word' id='word_1_25' title='bbox 219 846 314 912; x_wconf 82' lang='lat' dir='ltr'>pore«</span> <span class='ocrx_word' id='word_1_26' title='bbox 337 836 506 911; x_wconf 80' lang='lat' dir='ltr'>praesentes</span> <span class='ocrx_word' id='word_1_27' title='bbox 529 834 559 888; x_wconf 93' lang='lat' dir='ltr'>et</span> <span class='ocrx_word' id='word_1_28' title='bbox 581 820 726 888; x_wconf 85' lang='lat' dir='ltr'>solvendo</span> <span class='ocrx_word' id='word_1_29' title='bbox 755 813 872 902; x_wconf 80' lang='lat' dir='ltr'>sint¹⁹)‚</span> <span class='ocrx_word' id='word_1_30' title='bbox 903 819 934 884; x_wconf 93' lang='lat' dir='ltr'>id</span> <span class='ocrx_word' id='word_1_31' title='bbox 957 818 1040 908; x_wconf 90' lang='lat' dir='ltr'>quod</span> <span class='ocrx_word' id='word_1_32' title='bbox 1063 832 1123 886; x_wconf 88' lang='lat' dir='ltr'>tarn</span> <span class='ocrx_word' id='word_1_33' title='bbox 1146 819 1235 886; x_wconf 89' lang='lat' dir='ltr'>Tern-</span> 
     </span>
     <span class='ocr_line' id='line_1_6' title="bbox 219 930 1235 1028; baseline -0.005 -23"><span class='ocrx_word' id='word_1_34' title='bbox 219 939 346 1028; x_wconf 84' lang='lat' dir='ltr'>poribns</span> <span class='ocrx_word' id='word_1_35' title='bbox 362 939 531 1005; x_wconf 81' lang='lat' dir='ltr'>Verborum</span> <span class='ocrx_word' id='word_1_36' title='bbox 554 935 764 1022; x_wconf 74' lang='lat' dir='ltr'>»dvdqpaiou</span> <span class='ocrx_word' id='word_1_37' title='bbox 789 949 819 1002; x_wconf 89' lang='lat' dir='ltr'>et</span> <span class='ocrx_word' id='word_1_38' title='bbox 842 933 999 1012; x_wconf 65' lang='grc' dir='ltr'>’ἅπαντες</span> <span class='ocrx_word' id='word_1_39' title='bbox 1021 930 1141 1016; x_wconf 67' lang='lat' dir='ltr'>auxen«</span> <span class='ocrx_word' id='word_1_40' title='bbox 1163 957 1235 1000; x_wconf 90' lang='lat' dir='ltr'>eon·</span> 
     </span>
     <span class='ocr_line' id='line_1_7' title="bbox 220 1048 1235 1143; baseline -0.005 -23"><span class='ocrx_word' id='word_1_41' title='bbox 220 1048 414 1138; x_wconf 78' lang='lat' dir='ltr'>firmatur²⁰),</span> <span class='ocrx_word' id='word_1_42' title='bbox 438 1076 528 1143; x_wconf 87' lang='lat' dir='ltr'>quam</span> <span class='ocrx_word' id='word_1_43' title='bbox 551 1074 588 1118; x_wconf 84' lang='lat' dir='ltr'>ex</span> <span class='ocrx_word' id='word_1_44' title='bbox 611 1075 646 1117; x_wconf 92' lang='lat' dir='ltr'>eo</span> <span class='ocrx_word' id='word_1_45' title='bbox 670 1053 834 1141; x_wconf 79' lang='lat' dir='ltr'><strong>colligitur,</strong></span> <span class='ocrx_word' id='word_1_46' title='bbox 862 1050 945 1140; x_wconf 86' lang='lat' dir='ltr'>quod</span> <span class='ocrx_word' id='word_1_47' title='bbox 968 1050 1159 1130; x_wconf 79' lang='lat' dir='ltr'>creditorem,</span> <span class='ocrx_word' id='word_1_48' title='bbox 1183 1053 1235 1139; x_wconf 89' lang='lat' dir='ltr'>qui</span> 
     </span>
     <span class='ocr_line' id='line_1_8' title="bbox 220 1166 1234 1255; baseline -0.004 -19"><span class='ocrx_word' id='word_1_49' title='bbox 220 1193 282 1236; x_wconf 93' lang='lat' dir='ltr'>non</span> <span class='ocrx_word' id='word_1_50' title='bbox 317 1174 417 1236; x_wconf 88' lang='lat' dir='ltr'>statim</span> <span class='ocrx_word' id='word_1_51' title='bbox 450 1169 488 1235; x_wconf 88' lang='lat' dir='ltr'>ab</span> <span class='ocrx_word' id='word_1_52' title='bbox 521 1172 605 1234; x_wconf 92' lang='lat' dir='ltr'>initio</span> <span class='ocrx_word' id='word_1_53' title='bbox 641 1190 733 1234; x_wconf 87' lang='lat' dir='ltr'>unum</span> <span class='ocrx_word' id='word_1_54' title='bbox 765 1171 796 1234; x_wconf 92' lang='lat' dir='ltr'>in</span> <span class='ocrx_word' id='word_1_55' title='bbox 831 1166 976 1244; x_wconf 87' lang='lat' dir='ltr'>solidum,</span> <span class='ocrx_word' id='word_1_56' title='bbox 1016 1168 1069 1232; x_wconf 86' lang='lat' dir='ltr'>sed</span> <span class='ocrx_word' id='word_1_57' title='bbox 1102 1168 1234 1255; x_wconf 81' lang='lat' dir='ltr'>reliquos</span> 
     </span>
     <span class='ocr_line' id='line_1_9' title="bbox 221 1282 1236 1376; baseline -0.004 -23"><span class='ocrx_word' id='word_1_58' title='bbox 221 1309 343 1376; x_wconf 83' lang='lat' dir='ltr'>quoque</span> <span class='ocrx_word' id='word_1_59' title='bbox 365 1289 481 1352; x_wconf 88' lang='lat' dir='ltr'>iuterim</span> <span class='ocrx_word' id='word_1_60' title='bbox 497 1287 654 1351; x_wconf 82' lang='lat' dir='ltr'>convenire</span> <span class='ocrx_word' id='word_1_61' title='bbox 670 1283 785 1362; x_wconf 85' lang='lat' dir='ltr'>debeat,</span> <span class='ocrx_word' id='word_1_62' title='bbox 810 1287 835 1348; x_wconf 92' lang='lat' dir='ltr'>si</span> <span class='ocrx_word' id='word_1_63' title='bbox 853 1282 973 1371; x_wconf 87' lang='lat' dir='ltr'>quidem</span> <span class='ocrx_word' id='word_1_64' title='bbox 989 1282 1135 1350; x_wconf 84' lang='lat' dir='ltr'>solvendo</span> <span class='ocrx_word' id='word_1_65' title='bbox 1150 1305 1236 1370; x_wconf 91' lang='lat' dir='ltr'>prae·</span> 
     </span>
     <span class='ocr_line' id='line_1_10' title="bbox 221 1398 1236 1490; baseline -0.005 -21"><span class='ocrx_word' id='word_1_66' title='bbox 221 1415 378 1490; x_wconf 80' lang='lat' dir='ltr'>sentesque</span> <span class='ocrx_word' id='word_1_67' title='bbox 401 1404 475 1480; x_wconf 87' lang='lat' dir='ltr'>sint,</span> <span class='ocrx_word' id='word_1_68' title='bbox 502 1404 601 1468; x_wconf 86' lang='lat' dir='ltr'>statim</span> <span class='ocrx_word' id='word_1_69' title='bbox 624 1398 662 1464; x_wconf 89' lang='lat' dir='ltr'>ab</span> <span class='ocrx_word' id='word_1_70' title='bbox 685 1401 771 1465; x_wconf 86' lang='lat' dir='ltr'>initio</span> <span class='ocrx_word' id='word_1_71' title='bbox 795 1412 899 1465; x_wconf 91' lang='lat' dir='ltr'>eontra</span> <span class='ocrx_word' id='word_1_72' title='bbox 921 1399 1053 1487; x_wconf 84' lang='lat' dir='ltr'>reliquos</span> <span class='ocrx_word' id='word_1_73' title='bbox 1075 1399 1236 1488; x_wconf 80' lang='lat' dir='ltr'>procedere</span> 
     </span>
     <span class='ocr_line' id='line_1_11' title="bbox 223 1509 1235 1607; baseline -0.004 -23"><span class='ocrx_word' id='word_1_74' title='bbox 223 1531 352 1607; x_wconf 87' lang='lat' dir='ltr'>opertet.</span> <span class='ocrx_word' id='word_1_75' title='bbox 395 1518 548 1603; x_wconf 81' lang='lat' dir='ltr'>Quatenus</span> <span class='ocrx_word' id='word_1_76' title='bbox 571 1515 682 1604; x_wconf 83' lang='lat' dir='ltr'>singuli</span> <span class='ocrx_word' id='word_1_77' title='bbox 704 1514 849 1582; x_wconf 81' lang='lat' dir='ltr'>solvendo</span> <span class='ocrx_word' id='word_1_78' title='bbox 873 1536 937 1582; x_wconf 88' lang='lat' dir='ltr'>esse</span> <span class='ocrx_word' id='word_1_79' title='bbox 961 1514 1096 1595; x_wconf 89' lang='lat' dir='ltr'>debeant,</span> <span class='ocrx_word' id='word_1_80' title='bbox 1120 1509 1235 1599; x_wconf 82' lang='lat' dir='ltr'>infra²¹)</span> 
     </span>
     <span class='ocr_line' id='line_1_12' title="bbox 222 1647 401 1723; baseline -0.011 -23"><span class='ocrx_word' id='word_1_81' title='bbox 222 1647 401 1723; x_wconf 82' lang='lat' dir='ltr'>exponetur.</span> 
     </span>
    </p>

    <p class='ocr_par' dir='ltr' id='par_1_3' title="bbox 219 1745 1238 3226">
     <span class='ocr_line' id='line_1_13' title="bbox 288 1745 1237 1836; baseline 0 -22"><span class='ocrx_word' id='word_1_82' title='bbox 288 1750 324 1814; x_wconf 89' lang='lat'>11.</span> <span class='ocrx_word' id='word_1_83' title='bbox 358 1745 511 1836; x_wconf 64' lang='lat' dir='ltr'>Exceptio</span> <span class='ocrx_word' id='word_1_84' title='bbox 529 1747 693 1836; x_wconf 72' lang='lat' dir='ltr'>Epistulae</span> <span class='ocrx_word' id='word_1_85' title='bbox 715 1748 781 1814; x_wconf 78' lang='lat' dir='ltr'>divi</span> <span class='ocrx_word' id='word_1_86' title='bbox 793 1745 955 1816; x_wconf 64' lang='lat' dir='ltr'>Hadriani</span> <span class='ocrx_word' id='word_1_87' title='bbox 975 1773 1030 1816; x_wconf 84' lang='lat' dir='ltr'>eeu</span> <span class='ocrx_word' id='word_1_88' title='bbox 1052 1748 1237 1816; x_wconf 74' lang='lat' dir='ltr'>dividendae</span> 
     </span>
     <span class='ocr_line' id='line_1_14' title="bbox 223 1850 1238 1932; baseline -0.004 0"><span class='ocrx_word' id='word_1_89' title='bbox 223 1866 360 1932; x_wconf 77' lang='lat' dir='ltr'>aetionis.</span> <span class='ocrx_word' id='word_1_90' title='bbox 387 1902 423 1913; x_wconf 91' lang='lat'>-</span> <span class='ocrx_word' id='word_1_91' title='bbox 451 1863 645 1929; x_wconf 84' lang='lat' dir='ltr'>Conditiones</span> <span class='ocrx_word' id='word_1_92' title='bbox 671 1862 805 1930; x_wconf 84' lang='lat' dir='ltr'>beneficii</span> <span class='ocrx_word' id='word_1_93' title='bbox 824 1850 895 1930; x_wconf 67' lang='lat' dir='ltr'>&#39;eum</span> <span class='ocrx_word' id='word_1_94' title='bbox 918 1865 1035 1932; x_wconf 83' lang='lat' dir='ltr'>easdem</span> <span class='ocrx_word' id='word_1_95' title='bbox 1058 1887 1122 1932; x_wconf 85' lang='lat' dir='ltr'>esse</span> <span class='ocrx_word' id='word_1_96' title='bbox 1144 1886 1238 1930; x_wconf 87' lang='lat' dir='ltr'>nove·</span> 
     </span>
     <span class='ocr_line' id='line_1_15' title="bbox 223 1978 1237 2069; baseline -0.004 -21"><span class='ocrx_word' id='word_1_97' title='bbox 223 1985 331 2059; x_wconf 85' lang='lat' dir='ltr'>rimus,</span> <span class='ocrx_word' id='word_1_98' title='bbox 368 1979 425 2046; x_wconf 88' lang='lat' dir='ltr'>sub</span> <span class='ocrx_word' id='word_1_99' title='bbox 454 1978 565 2068; x_wconf 88' lang='lat' dir='ltr'>quibus</span> <span class='ocrx_word' id='word_1_100' title='bbox 592 1992 623 2045; x_wconf 93' lang='lat' dir='ltr'>et</span> <span class='ocrx_word' id='word_1_101' title='bbox 648 1978 821 2046; x_wconf 83' lang='lat' dir='ltr'>beneficium</span> <span class='ocrx_word' id='word_1_102' title='bbox 850 1981 1007 2048; x_wconf 84' lang='lat' dir='ltr'>divisionis</span> <span class='ocrx_word' id='word_1_103' title='bbox 1035 2004 1075 2048; x_wconf 85' lang='lat' dir='ltr'>ex</span> <span class='ocrx_word' id='word_1_104' title='bbox 1101 1980 1237 2069; x_wconf 83' lang='lat' dir='ltr'>Epistola</span> 
     </span>
     <span class='ocr_line' id='line_1_16' title="bbox 224 2094 1238 2184; baseline -0.003 -21"><span class='ocrx_word' id='word_1_105' title='bbox 224 2098 285 2164; x_wconf 90' lang='lat' dir='ltr'>divi</span> <span class='ocrx_word' id='word_1_106' title='bbox 307 2096 450 2162; x_wconf 81' lang='lat' dir='ltr'>Hadriani</span> <span class='ocrx_word' id='word_1_107' title='bbox 476 2094 632 2173; x_wconf 89' lang='lat' dir='ltr'>reddatur,</span> <span class='ocrx_word' id='word_1_108' title='bbox 662 2095 873 2184; x_wconf 84' lang='lat' dir='ltr'>suspicandum</span> <span class='ocrx_word' id='word_1_109' title='bbox 902 2111 963 2175; x_wconf 90' lang='lat' dir='ltr'>est,</span> <span class='ocrx_word' id='word_1_110' title='bbox 994 2119 1045 2164; x_wconf 92' lang='lat' dir='ltr'>reo</span> <span class='ocrx_word' id='word_1_111' title='bbox 1069 2098 1162 2163; x_wconf 85' lang='lat' dir='ltr'>eleeto</span> <span class='ocrx_word' id='word_1_112' title='bbox 1184 2117 1238 2162; x_wconf 84' lang='lat' dir='ltr'>ex·</span> 
     </span>
     <span class='ocr_line' id='line_1_17' title="bbox 224 2207 1237 2302; baseline -0.003 -23"><span class='ocrx_word' id='word_1_113' title='bbox 224 2217 389 2301; x_wconf 85' lang='lat' dir='ltr'>ceptionem</span> <span class='ocrx_word' id='word_1_114' title='bbox 405 2212 441 2277; x_wconf 90' lang='lat' dir='ltr'>de</span> <span class='ocrx_word' id='word_1_115' title='bbox 455 2211 597 2278; x_wconf 91' lang='lat' dir='ltr'>benefieio</span> <span class='ocrx_word' id='word_1_116' title='bbox 613 2211 754 2278; x_wconf 85' lang='lat' dir='ltr'>Novellae</span> <span class='ocrx_word' id='word_1_117' title='bbox 770 2233 863 2302; x_wconf 88' lang='lat' dir='ltr'>aeque</span> <span class='ocrx_word' id='word_1_118' title='bbox 881 2207 1098 2301; x_wconf 78' lang='lat' dir='ltr'>competere²²)‚</span> <span class='ocrx_word' id='word_1_119' title='bbox 1116 2234 1151 2277; x_wconf 86' lang='lat' dir='ltr'>ae</span> <span class='ocrx_word' id='word_1_120' title='bbox 1163 2212 1237 2277; x_wconf 89' lang='lat' dir='ltr'>fide·</span> 
     </span>
     <span class='ocr_line' id='line_1_18' title="bbox 219 2327 1237 2418; baseline -0.003 -23"><span class='ocrx_word' id='word_1_121' title='bbox 219 2328 403 2416; x_wconf 84' lang='lat' dir='ltr'>jussoribus,</span> <span class='ocrx_word' id='word_1_122' title='bbox 415 2327 699 2416; x_wconf 85' lang='lat' dir='ltr'>mandatoribusque</span> <span class='ocrx_word' id='word_1_123' title='bbox 711 2341 790 2406; x_wconf 82' lang='lat' dir='ltr'>cett,</span> <span class='ocrx_word' id='word_1_124' title='bbox 807 2332 832 2394; x_wconf 91' lang='lat' dir='ltr'>si</span> <span class='ocrx_word' id='word_1_125' title='bbox 845 2330 1002 2418; x_wconf 84' lang='lat' dir='ltr'>eligantur,</span> <span class='ocrx_word' id='word_1_126' title='bbox 1018 2332 1153 2417; x_wconf 83' lang='lat' dir='ltr'>exeeptio</span> <span class='ocrx_word' id='word_1_127' title='bbox 1165 2327 1237 2416; x_wconf 79' lang='lat' dir='ltr'>Epi·</span> 
     </span>
     <span class='ocr_line' id='line_1_19' title="bbox 225 2443 1235 2534; baseline -0.003 -23"><span class='ocrx_word' id='word_1_128' title='bbox 225 2447 318 2512; x_wconf 84' lang='lat' dir='ltr'>atolae</span> <span class='ocrx_word' id='word_1_129' title='bbox 334 2445 429 2510; x_wconf 85' lang='lat' dir='ltr'>detur.</span> <span class='ocrx_word' id='word_1_130' title='bbox 450 2443 539 2508; x_wconf 92' lang='lat' dir='ltr'>-Si</span> <span class='ocrx_word' id='word_1_131' title='bbox 560 2445 601 2507; x_wconf 90' lang='lat' dir='ltr'>rei</span> <span class='ocrx_word' id='word_1_132' title='bbox 622 2443 815 2530; x_wconf 90' lang='lat' dir='ltr'>promittendi</span> <span class='ocrx_word' id='word_1_133' title='bbox 837 2444 1048 2534; x_wconf 83' lang='lat' dir='ltr'>obligationem</span> <span class='ocrx_word' id='word_1_134' title='bbox 1061 2448 1092 2512; x_wconf 92' lang='lat' dir='ltr'>in</span> <span class='ocrx_word' id='word_1_135' title='bbox 1108 2443 1235 2510; x_wconf 85' lang='lat' dir='ltr'>solidum</span> 
     </span>
     <span class='ocr_line' id='line_1_20' title="bbox 224 2557 1235 2646; baseline -0.005 -18"><span class='ocrx_word' id='word_1_136' title='bbox 224 2564 357 2637; x_wconf 88' lang='lat' dir='ltr'>inierint,</span> <span class='ocrx_word' id='word_1_137' title='bbox 394 2561 618 2624; x_wconf 87' lang='lat' dir='ltr'>conventionem</span> <span class='ocrx_word' id='word_1_138' title='bbox 646 2557 810 2646; x_wconf 87' lang='lat' dir='ltr'>Imperator</span> <span class='ocrx_word' id='word_1_139' title='bbox 838 2562 932 2646; x_wconf 89' lang='lat' dir='ltr'>jussit</span> <span class='ocrx_word' id='word_1_140' title='bbox 959 2561 1134 2628; x_wconf 85' lang='lat' dir='ltr'>servandam</span> <span class='ocrx_word' id='word_1_141' title='bbox 1162 2581 1235 2626; x_wconf 88' lang='lat' dir='ltr'>esse.</span> 
     </span>
     <span class='ocr_line' id='line_1_21' title="bbox 225 2677 1236 2765; baseline -0.004 -22"><span class='ocrx_word' id='word_1_142' title='bbox 225 2677 339 2744; x_wconf 87' lang='lat' dir='ltr'>Deinde</span> <span class='ocrx_word' id='word_1_143' title='bbox 368 2678 564 2752; x_wconf 82' lang='lat' dir='ltr'>constituens,</span> <span class='ocrx_word' id='word_1_144' title='bbox 593 2685 629 2740; x_wconf 91' lang='lat' dir='ltr'>ut</span> <span class='ocrx_word' id='word_1_145' title='bbox 657 2688 759 2741; x_wconf 89' lang='lat' dir='ltr'>eontra</span> <span class='ocrx_word' id='word_1_146' title='bbox 782 2677 1073 2765; x_wconf 75' lang='lat' dir='ltr'>reliquosquoque,</span> <span class='ocrx_word' id='word_1_147' title='bbox 1103 2679 1129 2741; x_wconf 90' lang='lat' dir='ltr'>si</span> <span class='ocrx_word' id='word_1_148' title='bbox 1151 2696 1236 2764; x_wconf 90' lang='lat' dir='ltr'>prae-</span> 
     </span>
     <span class='ocr_line' id='line_1_22' title="bbox 225 2789 1237 2879; baseline -0.006 -19"><span class='ocrx_word' id='word_1_149' title='bbox 225 2807 322 2860; x_wconf 90' lang='lat' dir='ltr'>sentes</span> <span class='ocrx_word' id='word_1_150' title='bbox 349 2805 378 2857; x_wconf 88' lang='lat' dir='ltr'>et</span> <span class='ocrx_word' id='word_1_151' title='bbox 400 2791 544 2859; x_wconf 89' lang='lat' dir='ltr'>solvendo</span> <span class='ocrx_word' id='word_1_152' title='bbox 567 2793 641 2868; x_wconf 87' lang='lat' dir='ltr'>sint,</span> <span class='ocrx_word' id='word_1_153' title='bbox 671 2789 800 2856; x_wconf 78' lang='lat' dir='ltr'>creditor</span> <span class='ocrx_word' id='word_1_154' title='bbox 822 2813 909 2879; x_wconf 81' lang='lat' dir='ltr'>agere</span> <span class='ocrx_word' id='word_1_155' title='bbox 931 2791 1051 2870; x_wconf 89' lang='lat' dir='ltr'>debeat,</span> <span class='ocrx_word' id='word_1_156' title='bbox 1082 2791 1159 2857; x_wconf 91' lang='lat' dir='ltr'>idern</span> <span class='ocrx_word' id='word_1_157' title='bbox 1180 2792 1237 2856; x_wconf 89' lang='lat' dir='ltr'>Im-</span> 
     </span>
     <span class='ocr_line' id='line_1_23' title="bbox 224 2908 1236 2998; baseline -0.005 -22"><span class='ocrx_word' id='word_1_158' title='bbox 224 2924 346 2998; x_wconf 80' lang='lat' dir='ltr'>perator</span> <span class='ocrx_word' id='word_1_159' title='bbox 366 2909 418 2996; x_wconf 89' lang='lat' dir='ltr'>jus</span> <span class='ocrx_word' id='word_1_160' title='bbox 441 2908 595 2974; x_wconf 84' lang='lat' dir='ltr'>creditoris</span> <span class='ocrx_word' id='word_1_161' title='bbox 618 2920 722 2973; x_wconf 84' lang='lat' dir='ltr'>eontra</span> <span class='ocrx_word' id='word_1_162' title='bbox 744 2929 864 2973; x_wconf 78' lang='lat' dir='ltr'>euneos</span> <span class='ocrx_word' id='word_1_163' title='bbox 887 2930 949 2973; x_wconf 92' lang='lat' dir='ltr'>non</span> <span class='ocrx_word' id='word_1_164' title='bbox 971 2910 1106 2974; x_wconf 84' lang='lat' dir='ltr'>mutavit.</span> <span class='ocrx_word' id='word_1_165' title='bbox 1144 2908 1236 2972; x_wconf 84' lang='lat' dir='ltr'>lmrno</span> 
     </span>
     <span class='ocr_line' id='line_1_24' title="bbox 227 3019 1235 3113; baseline -0.005 -23"><span class='ocrx_word' id='word_1_166' title='bbox 227 3049 297 3093; x_wconf 87' lang='lat' dir='ltr'>vero</span> <span class='ocrx_word' id='word_1_167' title='bbox 316 3028 369 3113; x_wconf 86' lang='lat' dir='ltr'>jus</span> <span class='ocrx_word' id='word_1_168' title='bbox 389 3027 483 3090; x_wconf 90' lang='lat' dir='ltr'>totius</span> <span class='ocrx_word' id='word_1_169' title='bbox 507 3022 598 3088; x_wconf 91' lang='lat' dir='ltr'>debiti</span> <span class='ocrx_word' id='word_1_170' title='bbox 621 3023 758 3110; x_wconf 80' lang='lat' dir='ltr'>exigendi</span> <span class='ocrx_word' id='word_1_171' title='bbox 781 3026 867 3088; x_wconf 88' lang='lat' dir='ltr'>etiam</span> <span class='ocrx_word' id='word_1_172' title='bbox 891 3022 1015 3090; x_wconf 87' lang='lat' dir='ltr'>Novella</span> <span class='ocrx_word' id='word_1_173' title='bbox 1038 3019 1081 3090; x_wconf 89' lang='lat'>99</span> <span class='ocrx_word' id='word_1_174' title='bbox 1104 3022 1163 3086; x_wconf 91' lang='lat' dir='ltr'>lata</span> <span class='ocrx_word' id='word_1_175' title='bbox 1185 3022 1235 3098; x_wconf 83' lang='lat' dir='ltr'>nil,</span> 
     </span>
     <span class='ocr_line' id='line_1_25' title="bbox 225 3138 1236 3226; baseline -0.007 -18"><span class='ocrx_word' id='word_1_176' title='bbox 225 3145 283 3208; x_wconf 86' lang='lat' dir='ltr'>nisi</span> <span class='ocrx_word' id='word_1_177' title='bbox 311 3154 347 3207; x_wconf 88' lang='lat' dir='ltr'>ut</span> <span class='ocrx_word' id='word_1_178' title='bbox 373 3141 530 3206; x_wconf 84' lang='lat' dir='ltr'>conventio</span> <span class='ocrx_word' id='word_1_179' title='bbox 555 3139 601 3204; x_wconf 84' lang='lat' dir='ltr'>vel</span> <span class='ocrx_word' id='word_1_180' title='bbox 629 3138 783 3226; x_wconf 82' lang='lat' dir='ltr'>stipulatio</span> <span class='ocrx_word' id='word_1_181' title='bbox 806 3141 838 3204; x_wconf 93' lang='lat' dir='ltr'>in</span> <span class='ocrx_word' id='word_1_182' title='bbox 860 3139 989 3204; x_wconf 86' lang='lat' dir='ltr'>solidum</span> <span class='ocrx_word' id='word_1_183' title='bbox 1015 3151 1166 3205; x_wconf 81' lang='lat' dir='ltr'>contractu</span> <span class='ocrx_word' id='word_1_184' title='bbox 1188 3141 1236 3214; x_wconf 84' lang='lat' dir='ltr'>sit,</span> 
     </span>
    </p>
   </div>
   <div class='ocr_carea' id='block_1_3' title="bbox 227 3371 1239 4014">
    <p class='ocr_par' dir='ltr' id='par_1_4' title="bbox 281 3371 835 3445">
     <span class='ocr_line' id='line_1_26' title="bbox 281 3371 835 3445; baseline 0 -15"><span class='ocrx_word' id='word_1_185' title='bbox 281 3376 314 3445; x_wconf 82' lang='lat'>¹⁸)</span> <span class='ocrx_word' id='word_1_186' title='bbox 337 3373 387 3430; x_wconf 78' lang='lat' dir='ltr'>cu.</span> <span class='ocrx_word' id='word_1_187' title='bbox 406 3375 465 3430; x_wconf 84' lang='lat' dir='ltr'>dise.</span> <span class='ocrx_word' id='word_1_188' title='bbox 484 3391 518 3428; x_wconf 89' lang='lat' dir='ltr'>m.</span> <span class='ocrx_word' id='word_1_189' title='bbox 536 3372 553 3427; x_wconf 94' lang='lat' dir='ltr'>l.</span> <span class='ocrx_word' id='word_1_190' title='bbox 573 3371 722 3444; x_wconf 79' lang='lat' dir='ltr'>§ll-15.</span> <span class='ocrx_word' id='word_1_191' title='bbox 735 3373 783 3429; x_wconf 85' lang='lat'>39..</span> <span class='ocrx_word' id='word_1_192' title='bbox 792 3373 835 3430; x_wconf 85' lang='grc'>53.</span> 
     </span>
    </p>

    <p class='ocr_par' dir='ltr' id='par_1_5' title="bbox 281 3469 903 3544">
     <span class='ocr_line' id='line_1_27' title="bbox 281 3469 903 3544; baseline 0.002 -17"><span class='ocrx_word' id='word_1_193' title='bbox 281 3471 313 3541; x_wconf 76' lang='grc'>19)</span> <span class='ocrx_word' id='word_1_194' title='bbox 337 3471 387 3527; x_wconf 76' lang='lat' dir='ltr'>cfr.</span> <span class='ocrx_word' id='word_1_195' title='bbox 407 3472 466 3526; x_wconf 86' lang='lat' dir='ltr'>diss.</span> <span class='ocrx_word' id='word_1_196' title='bbox 484 3489 520 3525; x_wconf 87' lang='lat' dir='ltr'>m.</span> <span class='ocrx_word' id='word_1_197' title='bbox 536 3469 552 3524; x_wconf 87' lang='lat'>1.</span> <span class='ocrx_word' id='word_1_198' title='bbox 571 3469 633 3540; x_wconf 79' lang='lat'>§33</span> <span class='ocrx_word' id='word_1_199' title='bbox 646 3488 700 3544; x_wconf 83' lang='lat' dir='ltr'>sqq.</span> <span class='ocrx_word' id='word_1_200' title='bbox 719 3471 789 3543; x_wconf 69' lang='lat'>551.</span> <span class='ocrx_word' id='word_1_201' title='bbox 803 3471 845 3527; x_wconf 85' lang='lat'>53.</span> <span class='ocrx_word' id='word_1_202' title='bbox 860 3473 903 3528; x_wconf 86' lang='grc'>54.</span> 
     </span>
    </p>

    <p class='ocr_par' dir='ltr' id='par_1_6' title="bbox 280 3568 764 3639">
     <span class='ocr_line' id='line_1_28' title="bbox 280 3568 764 3639; baseline 0 -15"><span class='ocrx_word' id='word_1_203' title='bbox 280 3571 315 3636; x_wconf 77' lang='lat'>²⁰)</span> <span class='ocrx_word' id='word_1_204' title='bbox 340 3569 389 3624; x_wconf 75' lang='lat' dir='ltr'>Gir.</span> <span class='ocrx_word' id='word_1_205' title='bbox 408 3568 478 3637; x_wconf 78' lang='lat' dir='ltr'>§au</span> <span class='ocrx_word' id='word_1_206' title='bbox 507 3597 541 3609; x_wconf 90' lang='lat'>-</span> <span class='ocrx_word' id='word_1_207' title='bbox 568 3568 602 3636; x_wconf 82' lang='lat'>²¹)</span> <span class='ocrx_word' id='word_1_208' title='bbox 626 3569 675 3624; x_wconf 79' lang='lat' dir='ltr'>cfr.</span> <span class='ocrx_word' id='word_1_209' title='bbox 695 3568 764 3639; x_wconf 69' lang='lat'>540.</span> 
     </span>
    </p>

    <p class='ocr_par' dir='ltr' id='par_1_7' title="bbox 227 3663 1239 4014">
     <span class='ocr_line' id='line_1_29' title="bbox 279 3663 1239 3739; baseline -0.003 -19"><span class='ocrx_word' id='word_1_210' title='bbox 279 3668 313 3736; x_wconf 64' lang='grc' dir='ltr'>ῃ)</span> <span class='ocrx_word' id='word_1_211' title='bbox 337 3665 410 3731; x_wconf 79' lang='lat' dir='ltr'>Quod</span> <span class='ocrx_word' id='word_1_212' title='bbox 428 3666 457 3720; x_wconf 89' lang='lat' dir='ltr'>de</span> <span class='ocrx_word' id='word_1_213' title='bbox 475 3664 602 3720; x_wconf 84' lang='lat' dir='ltr'>Schroeter</span> <span class='ocrx_word' id='word_1_214' title='bbox 619 3663 635 3719; x_wconf 94' lang='lat' dir='ltr'>l.</span> <span class='ocrx_word' id='word_1_215' title='bbox 648 3665 665 3720; x_wconf 91' lang='lat' dir='ltr'>l.</span> <span class='ocrx_word' id='word_1_216' title='bbox 683 3684 707 3737; x_wconf 93' lang='lat' dir='ltr'>p.</span> <span class='ocrx_word' id='word_1_217' title='bbox 720 3666 781 3719; x_wconf 81' lang='lat'>441.</span> <span class='ocrx_word' id='word_1_218' title='bbox 794 3666 847 3720; x_wconf 77' lang='lat'>445</span> <span class='ocrx_word' id='word_1_219' title='bbox 865 3683 967 3738; x_wconf 84' lang='lat' dir='ltr'>prorsus</span> <span class='ocrx_word' id='word_1_220' title='bbox 985 3666 1088 3739; x_wconf 83' lang='lat' dir='ltr'>negavit.</span> <span class='ocrx_word' id='word_1_221' title='bbox 1122 3663 1239 3718; x_wconf 83' lang='lat' dir='ltr'>Doneilus</span> 
     </span>
     <span class='ocr_line' id='line_1_30' title="bbox 227 3761 1239 3835; baseline -0.007 -15"><span class='ocrx_word' id='word_1_222' title='bbox 227 3767 257 3821; x_wconf 92' lang='lat' dir='ltr'>ad</span> <span class='ocrx_word' id='word_1_223' title='bbox 274 3767 325 3822; x_wconf 86' lang='lat' dir='ltr'>Tit.</span> <span class='ocrx_word' id='word_1_224' title='bbox 340 3765 366 3820; x_wconf 84' lang='lat' dir='ltr'>C.</span> <span class='ocrx_word' id='word_1_225' title='bbox 386 3765 415 3818; x_wconf 89' lang='lat' dir='ltr'>de</span> <span class='ocrx_word' id='word_1_226' title='bbox 430 3763 489 3818; x_wconf 87' lang='lat' dir='ltr'>duo.</span> <span class='ocrx_word' id='word_1_227' title='bbox 501 3765 548 3818; x_wconf 88' lang='lat' dir='ltr'>reis</span> <span class='ocrx_word' id='word_1_228' title='bbox 568 3764 624 3835; x_wconf 84' lang='lat' dir='ltr'>Cap.</span> <span class='ocrx_word' id='word_1_229' title='bbox 637 3763 703 3817; x_wconf 81' lang='lat' dir='ltr'>run.</span> <span class='ocrx_word' id='word_1_230' title='bbox 722 3781 758 3817; x_wconf 91' lang='lat' dir='ltr'>nr.</span> <span class='ocrx_word' id='word_1_231' title='bbox 772 3763 828 3819; x_wconf 81' lang='lat'>8.9</span> <span class='ocrx_word' id='word_1_232' title='bbox 846 3763 976 3818; x_wconf 84' lang='lat' dir='ltr'>arbitratus</span> <span class='ocrx_word' id='word_1_233' title='bbox 995 3773 1039 3829; x_wconf 82' lang='lat' dir='ltr'>est,</span> <span class='ocrx_word' id='word_1_234' title='bbox 1058 3762 1191 3818; x_wconf 79' lang='lat' dir='ltr'>absentiam</span> <span class='ocrx_word' id='word_1_235' title='bbox 1209 3761 1239 3814; x_wconf 90' lang='lat' dir='ltr'>ab</span> 
     </span>
     <span class='ocr_line' id='line_1_31' title="bbox 227 3856 1239 3934; baseline -0.006 -16"><span class='ocrx_word' id='word_1_236' title='bbox 227 3873 305 3918; x_wconf 83' lang='lat' dir='ltr'>actore</span> <span class='ocrx_word' id='word_1_237' title='bbox 323 3862 484 3934; x_wconf 85' lang='lat' dir='ltr'>probandam,</span> <span class='ocrx_word' id='word_1_238' title='bbox 508 3863 601 3934; x_wconf 80' lang='lat' dir='ltr'>copiam</span> <span class='ocrx_word' id='word_1_239' title='bbox 625 3869 707 3915; x_wconf 83' lang='lat' dir='ltr'>autem</span> <span class='ocrx_word' id='word_1_240' title='bbox 731 3861 840 3916; x_wconf 86' lang='lat' dir='ltr'>solvendi</span> <span class='ocrx_word' id='word_1_241' title='bbox 864 3861 977 3932; x_wconf 88' lang='lat' dir='ltr'>ajudiee</span> <span class='ocrx_word' id='word_1_242' title='bbox 1000 3877 1032 3916; x_wconf 84' lang='lat' dir='ltr'>ex</span> <span class='ocrx_word' id='word_1_243' title='bbox 1055 3860 1135 3916; x_wconf 80' lang='lat' dir='ltr'>officio</span> <span class='ocrx_word' id='word_1_244' title='bbox 1153 3856 1239 3931; x_wconf 82' lang='lat' dir='ltr'>explo-</span> 
     </span>
     <span class='ocr_line' id='line_1_32' title="bbox 227 3961 405 4014; baseline -0.011 0"><span class='ocrx_word' id='word_1_245' title='bbox 227 3961 326 4014; x_wconf 87' lang='lat' dir='ltr'>randam</span> <span class='ocrx_word' id='word_1_246' title='bbox 345 3976 405 4014; x_wconf 83' lang='lat' dir='ltr'>esse.</span> 
     </span>
    </p>
   </div>
   <div class='ocr_carea' id='block_1_4' title="bbox 0 0 1483 4554">
    <p class='ocr_par' dir='ltr' id='par_1_8' title="bbox 0 0 1483 4554">
     <span class='ocr_line' id='line_1_33' title="bbox 0 0 1483 4554; baseline 0 0"><span class='ocrx_word' id='word_1_247' title='bbox 0 0 1483 4554; x_wconf 95' lang='lat' dir='ltr'> </span> 
     </span>
    </p>
   </div>
  </div>
 </body>
</html>
