2936 4554
673 287 832 388 „Q-

248 456 443 558 elegantius?
477 464 581 534 Solum
611 465 785 556 Savignium
820 489 870 534 eae
900 471 1090 557 quaestiones
1117 467 1262 538 'ridentur

247 607 310 650 non
330 561 455 672 fugisse,
476 587 527 672 qui
550 583 710 650 admodum
733 597 817 648 eante
841 577 1005 670 scripsit⁸),
1031 588 1059 648 in
1083 584 1201 650 ΝΟΜ
1224 587 1260 652 d'e

248 699 474 766 »verschiedene
501 701 600 766 Artem
635 722 695 765 von
723 699 872 785 Beryae«
907 703 965 788 agi.
1017 700 1128 765 Verum
1164 721 1260 788 neque

246 815 415 882 lustiniano
438 819 615 904 imperante,
639 836 735 902 neque
757 836 889 903 unquam
911 828 996 882 antea
1019 815 1206 882 mandatores
1230 829 1260 884 et

246 935 458 999 constitutores
484 931 694 1017 fidejussorum
732 934 843 1019 species
873 929 1002 998 luerunt.
1053 931 1145 998 Immo
1175 955 1259 998 man-

246 1049 380 1125 datores,
404 1046 604 1133 fidejussores,
633 1049 845 1113 constitutores
866 1047 995 1136 generali
1016 1047 1258 1114 intercedentium

246 1167 364 1230 nomine
380 1161 672 1251 comprehenduntur
687 1176 776 1250 atque
790 1163 849 1228 hoc
867 1185 1021 1230 commuue
1038 1163 1158 1242 habent,
1175 1165 1260 1254 qood

240 1302 304 1367 pro
324 1279 427 1345 debito
451 1279 552 1344 elleoo
576 1289 724 1344 tenuetur.

312 1393 390 1460 Nor.
407 1392 450 1462 99
474 1417 540 1459 eum
562 1391 681 1460 nott
703 1393 822 1459 vinculo
846 1395 910 1481 ejus
934 1398 1076 1474 notionis,
1101 1395 1183 1484 quod
1206 1396 1258 1462 de·

245 1513 357 1579 bitores
391 1514 549 1599 utriusque
582 1512 804 1576 constitutionis
833 1532 890 1598 pro
922 1509 987 1576 aliis
1016 1510 1142 1578 obnoxii
1176 1525 1255 1590 sunt,

244 1640 351 1717 postea
380 1625 594 1692 conciliabitur.
640 1626 696 1691 Hie
723 1639 821 1692 autem
850 1629 922 1691 sotis
945 1639 991 1693 est
1016 1639 1173 1705 muctare,
1203 1629 1258 1693 hac

244 1756 348 1810 nostra
369 1745 613 1829 interpretatione
640 1744 786 1830 prooemii
808 1746 994 1830 apparuisse,
1019 1745 1256 1831 conjunctionem

245 1859 435 1926 Novellarum
470 1860 567 1922 minus
596 1860 760 1935 astrictam,
796 1861 869 1946 quin
902 1859 1080 1924 levissimam
1109 1880 1183 1924 esse.
1216 1897 1252 1908 ·-

243 1976 431 2042 Postremum
455 1976 552 2050 etiam,
576 1993 652 2060 quae
673 1972 815 2039 Norellae
838 1987 956 2040 nostrae
980 1973 1115 2040 lerendae
1138 1977 1254 2040 occasio

245 2113 309 2156 esse
330 2092 472 2178 potuerit,
494 2089 756 2178 perscrutabimur,
785 2091 870 2178 cujus
894 2091 1012 2178 quidem
1035 2089 1256 2178 investigandae

244 2229 306 2274 non
320 2205 466 2274 credimus
481 2228 660 2296 magnopere
674 2206 792 2286 referre,
812 2205 975 2272 dummodo
992 2227 1067 2294 quae
1086 2229 1154 2272 rere
1168 2207 1256 2296 legis·

244 2323 322 2390 lotor
344 2322 470 2389 edixerit
492 2321 647 2410 explorata
669 2321 842 2388 habeamus.

706 2497 792 2584 522.

242 2635 276 2702 ll.
310 2633 361 2700 De
384 2634 572 2700 electione
596 2628 808 2720 (ἐπιλογή).
836 2672 872 2685 -
902 2632 929 2700 1.
954 2633 1134 2699 Diversae
1157 2636 1254 2699 seri·

402 2762 552 2838 ptorum
576 2754 787 2817 sententiae
814 2749 1093 2818 describuntur.

308 2902 352 2969 De
375 2901 481 2968 ellectu
504 2903 653 2970 electionis
676 2906 913 2980 intercurrens,
940 2901 1148 2987 fidejussores,
1171 2923 1253 2966 man·

242 3019 377 3096 datores,
408 3031 579 3107 ceterosque
609 3018 774 3096 debitores,
805 3023 857 3106 qui
886 3022 917 3083 in
947 3016 1076 3082 solidum
1106 3029 1251 3096 tenentur,

241 3138 317 3201 inter
346 3137 506 3221 scriptores
536 3137 700 3222 antiquitus
728 3154 836 3220 magna
862 3131 920 3200 fuit
942 3134 1159 3209 controversia,
1194 3153 1252 3219 qua

241 3249 277 3314 de
300 3250 357 3314 alio
381 3244 476 3331 loco¹l
500 3251 652 3335 copiosius
676 3247 879 3314 disseruimus.
925 3247 981 3312 Hic
1004 3268 1074 3312 vero
1099 3248 1163 3332 ejus
1187 3258 1253 3312 tan·

241 3378 304 3430 tum
316 3363 414 3440 refert,
431 3384 589 3451 exponere,
607 3383 681 3450 quas
694 3361 830 3428 doctores
843 3362 879 3429 de
891 3367 956 3450 ipsa
968 3362 1117 3428 electionis
1130 3364 1252 3427 notione

241 3483 400 3548 sententias
423 3479 554 3555 tulerint,
578 3500 638 3566 qua
653 3481 685 3544 iu
699 3501 731 3544 re
747 3479 834 3545 simul
849 3479 987 3544 lectorem
1011 3477 1049 3543 od
1072 3499 1106 3542 ea
1130 3497 1251 3567 qnoque

239 3596 413 3685 relegamus,
438 3615 513 3682 quae
536 3596 602 3660 istic
625 3597 735 3683 scripta
757 3607 836 3662 sunt.

241 3767 453 3782 m

293 3857 315 3928 8)
340 3857 449 3932 Savigny
467 3856 520 3912 obl.
530 3859 561 3912 R.
579 3857 625 3913 Bd.
638 3857 657 3912 l.
676 3875 700 3929 p.
713 3857 773 3913 280.

293 3954 314 4024 1)
338 3955 372 4011 V.
391 3955 449 4012 diss.
468 3973 547 4014 meam
565 3955 595 4012 de
613 3955 690 4014 benef.
710 3955 780 4012 divis.
798 3954 911 4036 §deum
930 3954 945 4025 fi
960 3955 992 4012 18
1004 3973 1058 4032 sqq.
