2936 4554
707 332 868 436 As..

280 513 404 593 bantur,
434 525 469 580 ut
496 535 586 581 sensu
615 515 758 580 latissimo
781 512 958 592 indicarent,
988 511 1100 602 aliquid
1129 513 1296 580 οδιιοαίιιοι

281 631 371 719 idque
403 633 561 719 praecipue
593 633 759 696 securitatis
788 651 893 694 causse
922 629 1089 696 obnoxium
1117 651 1197 707 esse,
1230 641 1294 694 tum

282 766 403 834 quoque
427 747 457 812 id
483 749 582 834 ipsum
604 747 660 812 hee
682 767 756 812 ιοοο
779 745 1023 823 demonstrarent,
1048 745 1132 833 quod
1153 767 1295 810 εεοοιυιυ

282 873 334 944 est,
358 861 480 939 antid,
508 862 591 950 quod
613 864 807 929 scaevitatem
822 863 962 949 praebet
997 860 1048 928 Sis
1071 862 1117 926 vel
1139 860 1295 949 metapho-

281 980 339 1042 rice
362 978 421 1043 hoe
442 977 566 1043 veebum
589 976 768 1044 adhibuere:

325 1091 488 1158 Aeschines
504 1093 600 1181 Epist.
612 1093 646 1171 11,
661 1116 693 1180 p.
710 1091 787 1160 138:
810 1087 870 1179 τὴν
883 1089 1036 1179 Ἀθήναν
1050 1089 1166 1174 ἔγγυον
1181 1090 1295 1158 δίδωσι

392 1207 450 1274 τοῦ
472 1207 624 1293 πολέμου.

325 1323 451 1390 Diodes.
475 1324 548 1389 Exe.
570 1347 601 1413 p.
620 1323 701 1404 555,
729 1323 787 1390 20:
810 1321 866 1402 Ὃς
894 1317 973 1391 otiati
1002 1321 1155 1401 διστάσας
1181 1320 1295 1406 ἔγγυος

392 1435 495 1516 εδθδς
518 1437 659 1528 δγενήθγ
680 1441 843 1506 θανάτου.

327 1557 508 1623 Themistius
525 1555 608 1624 Orat.
619 1555 670 1622 15.
686 1554 789 1644 p.197
807 1555 842 1622 C.
856 1551 915 1639 (ed.
928 1555 1096 1641 Dindortt:
1119 1558 1183 1622 Καὶ
1196 1547 1294 1622 οδδδν

394 1671 598 1758 θαυμασιόν,
621 1665 661 1737 τοὶ
677 1673 732 1758 τῆς
747 1668 861 1759 ἀρετῆς
875 1669 964 1738 ὅπλα
978 1671 1225 1758 ἐπικρατέστερα
1240 1673 1294 1736 nai

393 1783 574 1872 ἕγγυιδιερα
596 1789 681 1855 εἶναι
703 1781 749 1853 οἷν
773 1787 1020 1874 δημιουργοῦσιν
1042 1784 1274 1873 δσπιδοπηγοίγ

281 1905 344 1983 sed,
368 1905 451 1992 quod
475 1905 513 1969 ad
530 1918 663 1970 nostram
679 1907 880 1992 quaestionem
896 1907 1034 1992 pertinet,
1058 1927 1109 1970 eos
1126 1907 1294 1993 promiscue

281 2022 340 2086 hoe
363 2019 454 2086 verbo
478 2043 551 2086 usos
568 2043 641 2098 esse,
667 2021 758 2086 multe
774 2021 908 2108 exempla
930 2020 1047 2100 docent,
1070 2043 1198 2108 quorum
1222 2020 1294 2085 haee

281 2137 318 2202 de
341 2136 457 2215 debitis,
482 2159 557 2225 quae
580 2159 683 2204 secura
704 2136 886 2204 redduntur:

326 2249 471 2344 δπδφῃνο
494 2252 532 2317 δ’
547 2246 650 2319 αδιδν
673 2247 788 2317 ἑκατὸν
809 2251 893 2337 μνᾶς
912 2253 1140 2336 κεκομισμένον
1161 2246 1295 2333 ἐγγύους

393 2367 446 2432 ἐπὶ
467 2365 552 2454 τόκῳ
576 2367 826 2452 δεδανεισμένας
849 2364 981 2456 (Lysias)

326 2480 425 2564 ἔγγυα
449 2481 648 2567 δανείσματα
676 2523 711 2534 -
737 2480 882 2564 ὕπέγγυα
905 2483 1147 2567 δεδανεισμένα,

282 2600 355 2665 haee
378 2598 413 2663 de
436 2598 526 2664 rebus
550 2598 705 2666 selbonis
729 2603 894 2666 securitatis
918 2622 1007 2666 eausa
1031 2599 1183 2688 obligatis:

326 2718 381 2778 nai
413 2718 474 2798 μὲν
505 2710 567 2800 γὰρ
601 2710 641 2800 ἦν
676 2712 788 2796 ἔγγυος
822 2713 915 2783 οὐσία
944 2717 1097 2783 Πασίωνι.
1124 2713 1294 2780 ιαλάνοοον

392 2833 514 2918 εἴκοσιν
535 2828 776 2916 (Demosthenes)
804 2873 839 2886 -

328 2945 426 3029 ἕγγυα
447 2943 593 3033 κτήματα
615 2943 639 3034 ἢ
658 2952 761 3033 χοιρία
788 2989 835 3026 -,

281 3064 354 3131 haee
374 3065 409 3129 de
431 3067 567 3153 personis
582 3065 731 3152 leguntur,
755 3086 831 3152 quae
854 3066 1019 3130 securitatis
1041 3086 1129 3130 eausa
1146 3061 1294 3129 obnoxiae

282 3193 368 3246 sunt:

326 3296 526 3358 καθίσυαναι
565 3292 640 3366 εοῦς
672 3290 805 3373 ἐγγύους
841 3296 941 3360 εἴκοσι
973 3291 1143 3360 ταλάντων
1179 3290 1292 3377 (Arist.

393 3409 503 3475 Oeeon.
521 3408 551 3484 2,
568 3406 610 3472 22
627 3456 635 3483 ,

262 3523 264 3528 ’
326 3523 371 3613 τῷ
386 3521 527 3611 δημοσίῳ
543 3404 804 3607 ἓσοι)λαμβα’νειν
821 3522 954 3606 ἐγγύους
967 3521 1058 3612 παρὰ
1073 3526 1138 3591 τῶν
1151 3527 1295 3608 μισθου-

391 3640 498 3722 μένων
520 3635 673 3729 (Xenoph.
681 3640 797 3729 Vectig.
809 3641 860 3707 IV.
881 3639 947 3722 20),

275 3803 521 3879 Ἐλληυορωμᾶϊκον
543 3822 586 3876 per
608 3804 736 3859 Budaeum
758 3813 813 3860 cett.
840 3813 864 3860 et
886 3805 1050 3877 Xylandrum.
1075 3806 1149 3861 Basii.
1174 3823 1194 3859 s.
1211 3813 1228 3858 t.
1259 3835 1293 3844 -

281 3904 375 3958 Gomm.
392 3901 488 3976 linguae
502 3903 604 3958 Graecae
623 3903 665 3958 Gr.
679 3902 743 3958 suit.
756 3903 856 3958 Budaeo
869 3911 931 3957 auct.
950 3904 1027 3958 Paris.
1044 3903 1119 3959 1549.
1135 3933 1169 3944 -
1186 3904 1293 3958 Lexieon

281 4001 322 4054 er.
335 4001 413 4055 Latin.
434 4019 476 4073 per
493 4003 548 4056 Jea.
562 4000 697 4073 Scapulam.
717 4000 803 4055 Aurei.
815 3999 909 4056 Allobr.
928 4001 1001 4056 1609.
