2952 4556
650 323 809 422 *aa*

225 509 399 574 sententiam
422 501 577 592 prolessus
600 501 662 568 siti
685 498 780 590 Cujus
804 508 965 592 opinionis,
989 527 1065 594 quae
1080 505 1169 572 hodie
1184 503 1240 574 Sa·

224 626 357 712 signium
390 631 645 709 propugnatorem
679 621 811 684 omnium
844 621 1110 707 praeclarissimum
1138 620 1237 700 habet,

223 737 306 826 apud
331 739 428 804 nostri
450 738 593 824 temporis
616 735 750 800 hominos
774 734 916 802 Donellus
939 737 1112 825 plerumque
1134 751 1240 805 auctor

223 843 435 936 nominatur⁸),
458 872 512 916 nec
535 871 710 938 quemquam
730 863 803 939 post
816 849 1014 918 Friedericum
1029 847 1237 943 Schragium⁴)

224 971 402 1057 scriptorum
425 970 552 1054 inspexi,
577 969 629 1054 qui
652 987 755 1032 verum
778 979 928 1034 auctorem
950 971 1076 1034 noverit

288 1083 333 1150 lle
349 1086 494 1149 sententia
509 1081 682 1159 Haloandri,
702 1103 778 1170 quae
797 1077 1020 1166 translatione⁸l
1035 1082 1235 1163 Novellarum,

223 1222 298 1290 quae
327 1198 415 1265 simul
443 1221 510 1264 cum
531 1197 722 1264 Novellarum
747 1197 924 1266 Graecarum
947 1199 1077 1266 editione
1100 1213 1237 1289 suscepta

222 1329 277 1393 est,
302 1319 479 1392 continetur,
504 1313 612 1404 ambigi
635 1329 745 1402 potest,
770 1316 823 1382 sed
844 1337 1018 1404 persuasum
1042 1315 1114 1381 mihi
1128 1315 1235 1394 habeo,

222 1444 334 1497 rectum
357 1453 403 1496 me
426 1431 490 1518 ejus
508 1432 685 1497 intellectum
700 1435 875 1519 percepisse.
912 1431 1001 1516 Quod
1016 1435 1048 1497 ni
1063 1454 1109 1497 me
1123 1431 1235 1510 lelellit,

224 1549 369 1613 sententia
389 1545 592 1611 Haloandrina
615 1545 688 1611 haec
710 1559 769 1612 est:

289 1661 455 1748 Postquam
472 1663 693 1748 inscriptionem
707 1659 848 1725 Novellae
864 1663 966 1745 ’Περὶ
988 1656 1235 1746 ἀλληλεγγύωνι

223 1775 288 1842 ‘De
311 1774 431 1843 duobus
454 1780 522 1854 reis,
547 1779 598 1865 qui
614 1779 676 1842 vice
694 1788 798 1842 mutua
812 1775 1003 1862 fidejussores
1019 1780 1129 1864 accepti
1145 1790 1235 1844 sunt«
1261 1827 1265 1832 -

222 1892 383 1968 transtulit,
406 1891 508 1979 paullo
530 1905 602 1980 post
616 1915 717 1960 vocem
741 1887 986 1977 νᾶλληλεγγύως
1007 1888 1235 1970 incederent«

222 2007 320 2074 verbis
344 2019 468 2073 »mutua
491 2011 553 2074 vice
574 2007 785 2094 fidejussores«
808 2006 948 2086 reddidit,
971 2011 1012 2074 ita
1035 2021 1070 2075 ut
1089 2011 1235 2096 interpres

220 2135 323 2190 noster
345 2122 557 2188 subtilissimus
582 2124 748 2190 discrimine
762 2123 922 2190 verborum
943 2124 1099 2190 discrimen
1114 2145 1235 2213 quoque

220 2261 319 2306 rerum
347 2229 528 2327 significasse
550 2239 695 2306 videatur.
732 2240 779 2306 Ac
800 2261 858 2328 pro
881 2218 967 2306 certo
984 2239 1081 2306 habeo
1103 2240 1235 2307 Halonn-

221 2355 307 2421 drnm
330 2357 467 2421 versione
489 2355 583 2433 tituli,
613 2377 689 2443 quae
716 2368 833 2444 praeter
857 2355 1077 2442 fidejussionem
1101 2368 1234 2422 mutuam

221 2469 431 2560 obligationem
462 2493 633 2538 eorreorum
660 2471 850 2560 principalem
876 2475 1041 2559 exprimat,
1071 2470 1233 2538 secundum

220 2599 419 2675 praeceptum,
442 2586 526 2675 quod
540 2591 700 2675 praecipua
714 2585 854 2654 Novellae
869 2589 990 2653 mauris
1005 2589 1054 2664 sit,
1077 2587 1231 2667 indicasse,

219 2703 412 2770 mandatione
435 2707 517 2768 vocis
541 2696 788 2787 »dllqloyrdoe
801 2699 1027 2779 ὑπευθύνους·
1050 2716 1148 2770 autem
1169 2725 1233 2770 eam

219 2821 371 2884 notionem
399 2821 609 2907 proposuisse,
639 2840 728 2906 mam
753 2817 932 2908 principium
954 2841 988 2884 ao
1010 2818 1233 2886 fundamentum

219 2932 360 3000 Novellae
387 2933 624 3023 interpretandae
653 2937 836 3000 existimarit.
885 2933 975 3018 Quod
1000 2936 1179 3022 principium
1206 2937 1232 3001 si

219 3062 297 3115 recto
312 3052 518 3140 eognovimus,
537 3049 709 3115 llaloandro
724 3050 797 3114 haec
812 3048 959 3137 placuisse
982 3069 1149 3116 censemus:
1173 3048 1232 3136 Qui

219 3302 320 3358 ductum
338 3319 399 3358 esse.
426 3302 459 3359 V.
478 3301 548 3373 §ae
573 3301 623 3359 etr.
635 3303 730 3370 Biener,
750 3301 890 3360 (ieschichte
907 3303 950 3359 der
967 3303 1031 3360 Nor.
1049 3303 1141 3361 lustin
1165 3303 1230 3360 Berl.

221 3398 297 3456 1824.
316 3419 340 3472 p.
356 3399 414 3456 136.

270 3497 293 3568 ³)
315 3497 439 3555 Dedekind
462 3518 487 3573 p.
505 3498 564 3554 172.
585 3496 635 3554 173
664 3515 716 3553 eam
746 3501 882 3573 opinionem
906 3498 1067 3574 lionchegallo
1097 3501 1230 3574 adscripsit.

219 3595 266 3651 Sed
285 3596 314 3650 cl.
334 3595 385 3666 54.

270 3694 293 3761 ⁴)
315 3694 357 3748 Fr.
370 3694 500 3767 Schragius
522 3693 588 3747 liiss.
606 3693 667 3771 napi
689 3695 740 3750 τῶν
764 3694 948 3770 ἂλληλεγγῦων
970 3713 1015 3752 seu
1032 3694 1062 3752 de
1080 3695 1230 3768 fidejussion.

217 3809 277 3846 corr.
297 3791 350 3847 deb.
368 3800 429 3846 mut.
447 3791 640 3864 urgeremus.
658 3791 719 3863 p.3.
735 3793 775 3848 16.

270 3890 292 3957 ⁸)
316 3890 380 3944 Nor.
393 3890 477 3946 const.
495 3889 551 3945 lini.
565 3890 657 3946 lustin.
670 3888 802 3948 Volumen.
817 3893 859 3947 Gr.
871 3890 1010 3948 Haloandrc
1028 3893 1126 3963 interpr.
1149 3890 1229 3966 Lugd.

219 3987 295 4042 1551.
313 4005 337 4058 p.
350 3986 403 4043 650
415 4005 452 4058 sq.
478 3987 543 4043 Vide
559 3987 733 4058 Appendirem.
