2936 4554
725 301 789 384 128

673 390 833 402 *nn—-

244 481 471 565 promiserint«,
501 503 563 548 non
591 495 707 548 tantum
736 486 928 572 propositus,
959 483 1120 550 sedetiam
1144 484 1260 550 decisus

246 609 331 672 esset,
356 600 407 684 qui
430 619 484 684 per
506 620 537 663 se
560 599 695 688 liqueret.
733 596 807 663 Nam
830 602 857 663 si
879 595 953 664 ἄλλ.
971 593 1192 683 δανειζόμενοι
1207 603 1261 666 sti-

243 712 360 798 pulanti
388 712 528 780 creditori
556 737 617 780 non
647 712 897 802 spospondissent
925 711 1006 779 ὥστε
1033 717 1093 780 ἕνα
1120 711 1157 792 ἐξ
1180 727 1258 790 cett..

243 841 402 915 pergerent
423 825 496 892 ἀλλ.
512 827 585 895 δαν.
607 851 687 907 esse,
712 843 742 896 et
763 832 835 896 satis
858 828 964 896 luisset
987 830 1096 895 dicere:
1128 825 1170 895 Oi
1187 825 1260 895 stt.

245 941 319 1010 δαν.
341 940 459 1020 πάντες
481 943 518 1022 ἐξ
540 947 613 1011 ἴσον
626 942 813 1011 ὕπόνεινται
830 959 897 1012 cett.
932 943 1062 1012 Uncinae
1080 949 1153 1012 istae
1168 946 1261 1032 igitur

244 1060 438 1125 invocentur!
470 1098 506 1110 -
538 1061 635 1127 Porro
664 1074 694 1127 et
721 1065 828 1128 mirum
856 1062 930 1127 illud
954 1061 1097 1128 edictumt
1126 1059 1258 1127 »Omnes

245 1169 318 1240 ἀλλ.
342 1174 560 1262 δανειζόμενοι
581 1201 637 1268 pro
661 1182 762 1266 aequis
785 1177 921 1267 partibus
944 1181 1090 1245 actionem
1112 1179 1259 1242 sustinent

245 1303 276 1355 et
304 1291 377 1357 alter
404 1314 460 1380 pro
490 1295 583 1360 altero
610 1316 671 1360 non
694 1308 831 1362 tenetur«
855 1298 953 1383 inepte
976 1294 1078 1359 datum
1101 1305 1194 1372 esset,
1225 1303 1260 1358 ut

239 1406 303 1492 jam
327 1409 412 1473 initio
437 1408 602 1475 docuimus.
630 1447 666 1459 -
694 1409 894 1494 Quamobrem
918 1406 991 1477 ott.
1015 1407 1259 1494 δανειζομένους

245 1544 284 1588 ex
306 1525 497 1612 stipulatione
519 1529 611 1592 teneri
634 1529 803 1615 accipimus,
827 1541 857 1593 et
879 1529 905 1592 si
927 1527 1000 1592 haec
1017 1527 1171 1613 stipulatio
1188 1525 1259 1590 soli-

245 1638 315 1704 dum
345 1642 481 1730 amplexa
508 1665 569 1708 non
598 1645 652 1722 sit,
681 1655 745 1708 tum
769 1643 811 1708 illi
834 1665 890 1731 pro
913 1656 999 1731 parte
1021 1641 1145 1720 debent,
1175 1639 1258 1729 quod

244 1758 270 1819 si
299 1756 383 1822 aliter
413 1780 443 1823 se
473 1758 594 1837 habeat,
624 1761 712 1824 etiam
739 1781 796 1846 pro
824 1781 887 1826 non
913 1759 1028 1825 idoneis
1051 1761 1258 1846 unusquisque

244 1871 403 1938 tenebitur.

310 1987 465 2054 Praeterea
488 2004 585 2056 autern
608 1992 634 2055 si
656 1989 695 2055 ad
716 1987 808 2055 verba
829 1988 971 2056 Novellae
994 1993 1149 2079 respicias:
1173 1985 1257 2056 »α’λ-

244 2101 424 2189 ληλεγνδως
447 2104 638 2184 δανεισθὲν,
669 2099 827 2191 δξοῦπερ
853 2143 890 2157 -
915 2101 1104 2187 perducor«,
1132 2119 1163 2171 et
1184 2101 1256 2169 ott.

243 2212 452 2300 incestuose
478 2245 544 2289 eum
568 2219 792 2309 δλληλιγγδως
815 2217 1066 2307 δανειζόμενοις,
1096 2225 1149 2310 qui
1176 2213 1258 2303 δμο-

243 2331 395 2422 λδγησαν,
420 2359 581 2427 compares,
605 2343 873 2426 interpretationes,
890 2361 965 2426 quas
982 2351 1012 2404 et
1026 2340 1075 2404 hic
1089 2351 1118 2404 et
1135 2329 1256 2425 supra')

244 2456 437 2540 suscepimus,
462 2455 582 2520 alteram
604 2476 658 2541 per
680 2455 800 2519 alteram
823 2455 990 2520 confirmari
1012 2453 1164 2520 concedes.

309 2568 342 2631 ll.
367 2568 551 2634 Athanasius
575 2561 807 2652 Scholasticus⁴)
830 2573 876 2635 tit.
893 2568 943 2648 15,
963 2592 988 2635 c.
1005 2569 1041 2635 2:

348 2679 386 2748 Ὁ
400 2678 683 2769 dilatandus
700 2684 990 2771 δανεισάμενος
1011 2685 1057 2762 εἰς
1079 2682 1257 2772 ὁλόκληρον

356 2799 526 2882 ἐνέχεσθαι
554 2801 836 2893 προςομολδνησας
868 2797 1042 2887 παρόντων
1074 2805 1129 2866 καὶ
1156 2797 1256 2868 εὔπο-

296 2935 300 2943 ’
355 2917 499 3004 potetur
518 2919 583 2987 τῶν
604 2919 987 3004 σονδανεισαμένων
1006 2912 1043 2982 ιδ
1059 2917 1177 2984 οἰκεῖον
1196 2918 1255 3003 μδ-

354 3056 409 3120 ρος
430 3035 533 3118 μόνον
555 3031 748 3102 damaratum.

243 3148 332 3234 Quod
346 3151 530 3217 Athanasius
546 3154 673 3238 primum
685 3149 825 3216 Novellae
841 3171 941 3216 casum
958 3153 1065 3226 omisit,
1080 3172 1142 3216 non
1157 3153 1255 3216 minus

242 3279 346 3331 contra
364 3267 435 3331 alias
452 3269 617 3353 opiniones,
642 3287 730 3352 qnam
747 3278 849 3330 contra
870 3280 1001 3332 nostram
1018 3265 1111 3333 lacere
1128 3266 1253 3343 videtur,

242 3403 309 3446 cum
331 3380 468 3468 Epitome
496 3404 558 3446 non
580 3393 714 3446 accurate
737 3394 878 3468 concepta
901 3384 949 3447 sit.
984 3381 1059 3448 Nam
1083 3403 1158 3470 quae
1180 3381 1254 3446 fides

241 3495 345 3562 haberi
368 3508 468 3584 potest
490 3496 698 3584 negligentiae,
724 3518 799 3586 quae
821 3519 917 3585 neque
940 3497 1129 3576 confiteatur,
1158 3518 1254 3585 neque

241 3626 338 3702 neget,
362 3611 414 3678 scd
436 3635 495 3676 rem
518 3611 638 3678 dubiam
659 3617 780 3678 omnino
803 3637 864 3679 non
887 3613 1033 3702 attingat?
1056 3613 1100 3678 Ne
1117 3617 1183 3702 quis
1200 3611 1255 3678 ob·

236 3732 329 3817 jiciat,
346 3728 580 3817 Epitomatorem
595 3729 720 3794 tacendo
736 3751 867 3818 negasse,
890 3752 956 3795 cum
972 3743 1067 3796 tacere
1082 3752 1143 3796 non
1158 3730 1252 3807 liceat,

240 3845 293 3910 ubi
317 3857 454 3910 certatur.
483 3846 574 3910 lmmo
591 3867 662 3911 vero
678 3846 875 3910 Athanasium
898 3845 1053 3911 nobiscum
1076 3844 1169 3912 lacere
1191 3845 1255 3910 elu-

240 3959 455 3970 ———...--..-

293 3998 316 4068 ⁸)
341 3999 390 4053 cfr.
410 3997 479 4070 530.
506 4029 537 4040 -
566 3998 589 4068 ⁴)
612 3999 744 4055 Heimhach
759 4001 859 4058 Ἀνειιδ.
878 4001 897 4057 l.
916 4019 939 4072 p.
958 4002 1015 4056 154.
