2952 4556
675 300 834 402 Aa„

247 485 416 574 excogitata
440 496 493 561 est,
518 449 729 548 verumtamen
741 481 930 568 comprobari
953 485 1067 572 nequit,
1093 481 1146 550 set
1168 483 1262 554 deeu-

246 612 378 667 mentom
402 601 594 666 clarissimum
618 611 678 674 est,
708 619 769 686 quo
792 593 834 664 illi
856 602 1044 687 perveniant,
1073 603 1125 689 qui
1147 623 1165 665 a
1187 601 1262 668 laisa

247 721 330 783 voeis
359 712 474 804 altpt
501 707 559 782 ain.
588 717 711 781 notione
748 718 849 781 exorsi
881 728 1051 803 sequentem
1081 717 1260 806 legislatoris

248 837 411 900 orationem
434 845 568 898 accurate
591 833 777 919 interpretari
799 830 947 896 studeant
982 832 1095 898 Voeem
1117 825 1191 898 citt
1205 829 1260 901 ὑπ.

246 946 397 1016 Rueekert
411 971 477 1014 eum
491 947 663 1014 Halooodro
679 950 721 1012 ita
741 947 878 1034 explieat,
902 969 936 1012 ae
959 951 985 1013 si
1008 939 1259 1034 »ἆλληλέγγυοιι

247 1067 390 1154 seriptum
419 1075 511 1140 esset,
543 1075 573 1130 et
600 1084 665 1128 eum
693 1061 866 1129 Haloandro
896 1085 912 1129 e
940 1064 1040 1130 verbis
1068 1067 1123 1129 eat
1150 1061 1193 1153 ps}
1222 1062 1259 1133 ab

246 1184 356 1246 solvor
377 1181 471 1264 χρέος
491 1178 568 1257 seeb,
597 1177 707 1267 quibus
735 1179 899 1267 Imperator
929 1180 965 1247 de
993 1181 1120 1247 utilitate
1148 1185 1260 1248 eonsti-

234 1301 372 1382 „tutionis
395 1319 466 1365 suae
490 1299 582 1361 nimio
606 1298 653 1360 sui
677 1317 776 1362 amore
798 1296 997 1384 praedicavit,
1026 1297 1258 1364 additamentum

246 1415 462 1503 propositionis
485 1412 580 1490 illius,
612 1433 687 1500 quae
716 1411 814 1477 verbis
836 1412 879 1476 Ei
902 1409 966 1499 yolo
989 1411 1056 1479 κτλ.
1078 1417 1257 1493 continetur,

247 1529 420 1617 depromsit,
443 1527 476 1594 id
497 1527 581 1616 quod
598 1529 661 1615 jam
685 1527 751 1593 ideo
775 1551 836 1594 nou
860 1532 1050 1617 permittitur,
1075 1534 1146 1618 quia
1167 1530 1258 1598 verba

246 1639 296 1741 illa
325 1621 363 1710 ad
396 1645 559 1711 seeundum
596 1656 710 1710 tantum
742 1667 841 1710 easum
875 1649 1052 1734 respiciunt,
1088 1651 1141 1735 qni
1169 1649 1259 1734 juxto

226 1761 444 1849 ''Rueelrertum
468 1783 485 1826 a
506 1763 606 1848 priore
637 1760 808 1826 omnimodo
838 1761 961 1828 differat.
1013 1761 1127 1828 Deinde
1155 1785 1258 1829 voeem

248 1865 433 1961 ἁύμφωνον,
456 1898 532 1964 quae
547 1876 719 1965 simpliciter
735 1876 766 1943 id
782 1878 937 1967 signifieat,
961 1877 1044 1968 quod
1060 1881 1137 1945 iuter
1158 1891 1259 1968 partes

227 1996 395 2070 ‚convenit
410 2014 467 2081 pro
479 2005 566 2081 paeto
581 1992 612 2057 b.
625 2015 650 2058 e.
664 2015 719 2081 pro
732 1997 853 2082 negotio
865 1996 944 2082 juris
960 2009 1040 2061 corto
1055 1993 1170 2074 babuit,
1187 1995 1258 2062 dum

246 2109 409 2197 Imperator
430 2109 601 2196 simpliciter
623 2109 659 2175 de
682 2109 845 2198 adJeetione
868 2110 1006 2199 quadam,
1030 2132 1069 2176 ex
1091 2133 1152 2201 que
1171 2115 1258 2180 etiam

247 2247 326 2291 unus
352 2229 382 2292 in
409 2225 537 2292 solidum
563 2238 708 2304 teneatur,
731 2226 850 2292 loeutus
877 2239 932 2292 est.
969 2225 1002 2292 lt
1023 2241 1143 2318 paetum
1164 2248 1258 2316 porro

247 2346 412 2410 contractui
439 2335 634 2431 principali¹⁸)
663 2342 793 2420 addidit,
823 2341 895 2408 dum
923 2363 961 2408 ex
990 2345 1085 2431 ipsios
1114 2347 1259 2410 sententia

301 2525 334 2593 ¹⁶)
357 2525 424 2580 Dum
441 2524 588 2596 Ribbentrop
608 2523 634 2592 (l.
646 2523 663 2579 l.
682 2542 706 2596 p.
721 2525 779 2579 111.
797 2533 849 2580 not
864 2523 908 2594 13)
930 2541 944 2580 s
967 2542 1040 2580 eausa
1062 2527 1143 2581 mutui
1161 2543 1257 2584 romeos

246 2642 296 2680 oon
312 2626 360 2678 nisi
376 2622 571 2696 stipulationibus
590 2621 701 2676 adhibitio
719 2640 792 2694 posse
811 2624 925 2677 constitui
937 2625 1067 2689 annotavit,
1086 2624 1195 2698 Savigoy
1211 2623 1256 2680 l.l.

247 2724 278 2778 ob
300 2721 463 2796 fragmentum
487 2719 611 2793 quoddam
632 2719 728 2793 Ulpiani
751 2719 802 2790 (lib.
816 2721 911 2777 XXVI.
931 2721 960 2776 ad
978 2721 1037 2791 Et.)
1060 2721 1120 2777 L.7
1138 2722 1168 2777 tle
1185 2723 1216 2778 u
1230 2722 1256 2778 c.

246 2821 268 2892 (·
275 2820 369 2886 Omnia,
388 2837 450 2893 quae
468 2821 540 2874 inseri
558 2817 753 2891 stipulationibus
771 2827 883 2891 possunt,
902 2819 984 2873 eadem
998 2827 1103 2891 possunt
1119 2820 1191 2875 etiem
1208 2837 1257 2875 nu·

246 2921 371 2975 mentioni
389 2921 517 2992 pecuniae:
535 2927 560 2974 et
575 2917 630 2974 itleo
649 2926 674 2972 et
686 2917 834 2972 conditiones
841 2916 862 2984 ·)
880 2935 933 2972 eam
951 2915 1058 2990 regulam
1076 2917 1193 2972 infitiatus
1212 2925 1257 2985 est,

246 3026 271 3074 et
287 3020 362 3090 pactis
380 3035 476 3073 eorreos
493 3017 591 3089 perinde
609 3025 681 3088 etque
698 3017 723 3070 in
741 3016 817 3070 bonae
838 3014 896 3070 fidei
913 3015 1098 3088 obligationibus
1115 3017 1167 3070 lieri
1185 3033 1258 3088 posse

246 3114 315 3182 dicit,
338 3117 408 3186 eujus
430 3117 464 3170 rei
488 3115 632 3170 documenta
653 3115 699 3167 tria
716 3112 856 3168 Diotletiani
877 3114 991 3184 rescripta
1008 3112 1037 3168 L.
1052 3113 1076 3168 5.
1089 3113 1114 3168 9.
1129 3112 1170 3168 12.
1190 3114 1218 3169 C.
1235 3115 1258 3168 si

246 3221 303 3268 tert.
321 3221 369 3285 pet.
388 3211 505 3285 allegavit
542 3212 614 3276 Quod
632 3212 739 3282 primum
761 3227 789 3264 ea
806 3213 920 3283 rescripta
938 3211 1034 3276 attinet,
1048 3211 1101 3282 jam
1118 3211 1144 3266 iu
1161 3211 1257 3266 dubita·

245 3312 336 3364 tionem
353 3318 435 3380 eontra
453 3309 594 3380 Savigoium
612 3315 711 3361 moveat
728 3323 824 3362 neeesse
842 3314 892 3373 est,
916 3309 1065 3379 quotidem
1082 3309 1215 3380 Imperator
1232 3311 1258 3364 in

158 3478 161 3484 ¹
245 3407 304 3462 L.9
323 3406 350 3462 C.
369 3406 398 3460 de
415 3423 465 3460 noo
482 3423 551 3460 num.
563 3421 632 3477 pecu.
645 3402 785 3478 generaliter
798 3406 917 3460 rescribit:
935 3405 1017 3461 »Cum
1034 3408 1104 3462 mbo
1115 3407 1170 3472 boe,
1190 3405 1257 3478 quod

246 3511 355 3577 aceepit,
378 3523 408 3560 re
428 3502 527 3577 obligari
548 3519 621 3575 posse
642 3504 763 3557 neminem
786 3511 909 3569 renotem,
932 3521 1040 3576 quorum
1062 3503 1258 3579 conjungendum

246 3609 290 3668 est,
309 3602 378 3674 quod
393 3602 452 3657 Μ
472 3601 498 3657 G.
518 3603 557 3656 tit
576 3601 643 3656 dicit:
661 3599 769 3655 -frnstm
780 3603 903 3668 veremini,
920 3619 951 3658 ne
967 3603 1020 3674 ejus
1035 3603 1149 3674 pecuniae
1159 3603 1258 3658 nomina

246 3699 369 3769 (creditor)
392 3717 438 3756 vos
461 3700 587 3754 convenire
608 3700 698 3771 possit,
725 3716 799 3770 quom
821 3697 860 3754 alii
881 3707 970 3755 mutuo
994 3699 1075 3755 dedit«
1099 3707 1124 3756 et
1145 3717 1218 3754 »cum
1236 3699 1258 3754 si

245 3797 359 3854 reddendi
377 3796 501 3870 stipulatio
523 3795 590 3852 nulla
610 3797 717 3870 subjecta
735 3804 785 3864 est,
869 3798 895 3854 in
913 3813 959 3854 suo
978 3805 1044 3854 statu
1064 3806 1201 3854 remanente
1219 3813 1257 3864 eo,

246 3895 314 3966 quob
330 3913 387 3952 vere
404 3894 496 3951 laetum
513 3897 668 3951 intercessit«
694 3897 883 3969 Argumentum,
903 3895 970 3966 quoti
989 3913 1021 3950 ex
1038 3894 1084 3950 illis
1101 3893 1195 3970 legibus
1210 3893 1257 3952 Sa-

244 3993 322 4066 vigny
338 3993 462 4063 derivavit,
481 4010 510 4050 eo
528 4001 629 4063 constat,
648 3993 912 4066 prorumperetur,
930 3991 1012 4066 plures
1030 4011 1090 4050 »res
1107 3995 1133 4049 in
1151 3991 1257 4049 soblem
