2936 4554
721 322 766 393 84

240 503 448 572 Translationc
475 518 572 571 anum
595 504 798 572 Haloandrina
826 527 893 572 cum
921 515 1009 572 textu
1031 501 1145 571 Graeco
1173 526 1254 572 eom·

238 635 343 709 parata
365 623 468 701 elucet,
492 621 695 688 Haloandrum
712 621 804 686 rerba
826 643 942 710 aquae·
965 633 996 687 et
1011 624 1166 688 nemesi·
1181 621 1254 686 snb·
1348 646 1373 672 ·¹

238 737 418 803 intellexisse
440 741 535 827 iisque
550 752 580 805 et
594 740 752 827 praecipue
766 737 947 804 Pronomine
963 737 1114 803 vinculum
1129 740 1254 802 strictis·

239 855 346 918 simum
383 856 461 919 inter
492 856 586 942 legem
621 854 707 919 latam
743 867 772 918 et
804 853 897 942 legem
932 853 1081 919 ferendam
1113 853 1251 921 effecisset

240 967 439 1051 Quamobrem
453 969 657 1035 Haloandrum
680 973 785 1036 merito
808 973 960 1058 arguimus
976 969 1052 1034 salsi.
1090 969 1253 1058 Imperator

239 1087 317 1148 enim
344 1107 407 1150 non
431 1087 563 1173 scripsit:
595 1079 719 1168 »Ἶσμτν
745 1084 857 1174 πρῴην
882 1085 1065 1161 τεθεικότες
1091 1080 1196 1170 νόμον
1219 1129 1252 1148 ..

68 1209 75 1220 “
166 1197 196 1226 ²
239 1195 365 1281 ἔχοντα,
383 1198 424 1277 ὅς
440 1245 469 1264 ..
484 1197 538 1265 ἐπὶ
552 1199 589 1267 δὲ
603 1200 661 1268 τοῦ
676 1196 883 1285 παρόντος..
899 1198 994 1280 ἔδοξε
1010 1199 1180 1280 deteriora
1200 1199 1253 1266 scd

169 1307 179 1402 J
232 1309 419 1382 Pronomine
434 1317 485 1384 iilo
501 1318 625 1383 relativo
641 1339 702 1383 non
718 1341 792 1384 usus
807 1317 974 1407 periodum,
996 1339 1072 1406 quae
1088 1317 1126 1382 ad
1139 1314 1253 1382 Nov.4

128 1517 134 1526 ι
167 1445 170 1450 ’
240 1443 362 1518 spectat,
380 1433 536 1520 aperiodo
553 1437 688 1521 sequenti
705 1431 776 1498 »teat
788 1477 815 1497 ..
831 1428 1060 1520 καθεστώσης(
1076 1435 1251 1522 segregavit,

240 1569 307 1612 cum
334 1550 365 1612 in
393 1550 488 1636 priori
509 1549 721 1614 Accusativum
744 1545 871 1634 (νόμον)
895 1550 1080 1628 adhibuerit,
1109 1549 1197 1627 dum,
1227 1551 1253 1612 si

239 1662 317 1728 idem
345 1663 482 1749 »νόμοςι
507 1664 681 1752 Subjectum
709 1679 787 1731 esset
808 1664 902 1732 Verbi
929 1663 1062 1744 »ἔδοξτι
1085 1678 1115 1731 et
1136 1664 1253 1752 periodi

239 1782 424 1867 posterioris,
446 1803 564 1845 neccsse
581 1785 608 1845 ci
623 1780 728 1847 fuisset
742 1779 965 1848 Nominatirum
980 1780 1116 1848 seribere.
1137 1819 1173 1830 -
1192 1780 1254 1848 Sed

240 1894 366 1961 fortasse
388 1896 557 1963 Haloander
584 1918 645 1961 non
675 1900 819 1963 immerito
845 1897 970 1962 credidit
991 1897 1117 1986 Ellipsin
1138 1898 1251 1963 adesse.

241 2008 331 2094 Quod
347 2015 372 2076 si
388 2011 551 2089 crediderit,
576 2003 675 2098 »ἡμῖν
689 2009 801 2090 ἔδοξε(
823 2014 1018 2102 personaliter
1039 2017 1182 2102 scriptum
1205 2035 1253 2080 ac·

240 2131 349 2214 ceperit
373 2141 502 2216 oportet.
536 2127 648 2194 Verum
672 2129 753 2194 nulla
776 2151 865 2194 causa
887 2129 980 2207 adest.
1005 2151 1059 2196 cur
1074 2129 1113 2194 ad
1127 2129 1252 2218 Ellipsin

239 2264 296 2307 nos
324 2242 545 2333 confugiamus,
575 2267 651 2333 quae
680 2247 801 2310 nonnisi
827 2248 999 2312 necessitate
1027 2259 1150 2334 cogente
1178 2248 1253 2312 acci·

240 2358 349 2447 pienda
364 2353 448 2441 est⁷).
486 2359 561 2425 Nam
578 2358 673 2448 »ἡμῖν
687 2359 801 2440 ἔδοξε(
816 2375 846 2428 et
859 2362 1095 2450 impersonaliter
1110 2365 1253 2448 scriptum

240 2495 304 2539 esse
327 2487 437 2563 potest.
473 2475 586 2541 Deinde
609 2489 639 2541 et
661 2480 686 2541 si
701 2477 822 2565 Ellipsis
845 2478 947 2546 adesse
970 2493 1001 2544 et
1022 2474 1119 2565 »ἡμῖν
1139 2474 1251 2557 ἔδοξε(

240 2587 413 2676 Subjcctum
444 2594 594 2679 requirere
624 2594 788 2669 videretur,
819 2595 964 2662 violenter
991 2607 1088 2661 tamen
1117 2597 1251 2682 conjecit,

239 2704 346 2794 legem,
375 2705 411 2772 de
434 2729 494 2795 qua
515 2729 612 2796 nuper
634 2722 720 2774 antea
742 2709 929 2776 Justinianus
951 2711 1071 2777 locutus
1094 2713 1148 2789 sit,
1172 2709 1253 2776 Sub-

234 2823 346 2909 jectum
374 2845 446 2890 esse.
485 2824 655 2892 Haloander
677 2829 754 2892 enirn
776 2826 957 2892 Pronomine
979 2827 1103 2894 relativo
1127 2827 1251 2907 (νίψω,

240 2943 355 3004 unani
371 2935 459 3024 rell«)
475 2955 629 3029 assumpto
646 2943 738 3008 verba
755 2947 797 3008 sic
811 2944 971 3022 transtulit,
990 2946 1076 3031 quasi
1090 2945 1253 3031 imperator

240 3058 420 3142 scripsisset:
444 3053 462 3121 ὅ
482 3053 603 3134 αὐτός
622 3057 720 3140 νόμος
740 3055 794 3123 ent
817 3056 855 3124 δὲ
869 3058 928 3125 τοῦ
943 3105 951 3122 .
964 3103 972 3122 .
987 3045 1066 3146 p‘p'a'tv
1080 3055 1174 3139 ἔδοξε
1186 3058 1253 3124 det-

240 3172 348 3236 σθαι(
364 3208 399 3219 -
415 3173 504 3248 Tum,
517 3177 652 3259 quamvis
664 3173 834 3239 Pronomen
845 3176 1001 3240 relativum
1013 3175 1158 3242 violenter
1168 3175 1253 3240 adbi-

239 3285 348 3364 buerit,
364 3287 523 3351 violentins
538 3299 637 3351 tamen
653 3287 685 3352 id
698 3287 869 3357 Pronomen
887 3295 965 3356 inter
980 3283 1252 3377 »ἄντιφωνητῶνι

240 3414 270 3465 et
281 3395 428 3475 »πολλαὶς
439 3397 574 3482 ἔχονται
590 3404 720 3483 intrusit,
738 3426 803 3470 cum
815 3407 979 3495 Imperator
987 3407 1168 3475 Accusativo
1180 3407 1253 3473 Par·

240 3520 333 3605 ticipii
345 3513 487 3601 (ἔχοντα)
500 3540 572 3584 usus
584 3522 632 3598 sit,
650 3519 720 3586 dum
736 3522 890 3589 translatio
902 3523 1075 3604 Haloandri,
1090 3546 1166 3613 quae
1177 3523 1253 3589 Pro·

239 3637 359 3699 nomine
375 3646 441 3699 aute
453 3633 645 3722 Participium
659 3641 760 3724 posito
773 3639 965 3727 Participium
981 3642 1200 3728 appositionem
1215 3637 1253 3703 ad

293 3797 315 3866 ⁶)
339 3797 388 3852 etr.
408 3797 538 3873 Schragius
556 3818 581 3872 p.
597 3802 629 3858 16
642 3821 697 3874 sqq.

293 3896 314 3963 ⁷)
339 3895 388 3951 cfr.
402 3897 503 3952 (iodofr.
515 3899 672 3955 Hermannus
688 3901 718 3955 ad
730 3901 772 3956 Fr.
781 3885 866 3976 Vigerl
882 3901 912 3958 de
923 3905 1026 3976 praecip.
1040 3903 1143 3959 Graecae
1155 3901 1252 3958 diction.

238 3992 354 4047 idiotism.
367 3993 419 4049 libr.
439 3996 505 4051 Edit.
518 3997 558 4052 lll.
577 3998 645 4071 Lips.
663 3998 738 4055 1822.
757 4017 781 4070 p.
795 3999 847 4056 869
860 4018 915 4071 sqq.
