2936 4554
615 307 775 409 ...li-

187 505 309 582 spectat,
333 492 434 558 electio
458 503 555 556 autem
579 493 645 579 ipsa
667 489 697 554 h.
713 511 738 552 e.
757 487 900 554 »liberum
924 485 1099 576 experiundi
1122 485 1201 553 arbi-

186 612 297 674 trium«
315 607 354 673 ob
369 629 431 674 eam
446 629 508 674 rem
524 607 581 672 aliu
596 617 704 671 natura
714 607 859 670 instructa
869 617 997 669 nonest.
1020 603 1200 670 Electionem

186 727 326 790 novimus
341 723 517 790 insolidum
531 723 596 788 lieri
612 733 760 808 oportere,
778 740 875 807 neque
890 723 987 787 minus
1003 720 1061 784 boc
1075 719 1200 786 liberum

186 839 329 906 adversus
345 843 483 906 nnumin
499 838 628 904 solidum
642 835 817 924 experiundi
833 832 988 901 arbitrium
1004 835 1200 902 creditoribus

186 969 367 1044 competere,
392 959 444 1044 qui
474 977 594 1021 correns
618 951 744 1020 debendi
767 948 916 1040 obligatos
943 951 1086 1031 babeant,
1111 973 1200 1040 quam

185 1071 294 1160 quibus
322 1072 514 1160 fidejussores
542 1084 573 1138 et
600 1069 788 1136 mandatores
818 1071 850 1134 in
879 1068 1008 1136 solidum
1033 1081 1198 1134 teneantur.

186 1186 269 1271 Quae
291 1201 424 1276 potestas
447 1210 514 1253 cum
539 1186 682 1252 beneficio
706 1188 890 1251 excussionis
914 1185 1061 1272 ejusmodi
1088 1195 1202 1272 tempe·

184 1316 281 1381 retur,
305 1317 342 1369 ut
363 1298 493 1369 creditor
514 1303 659 1368 licentiam
682 1305 714 1366 in
736 1301 864 1366 solidum
889 1325 979 1390 queen
999 1302 1072 1367 uelit
1092 1323 1200 1367 eonve-

184 1418 285 1485 nieudi
303 1441 365 1484 non
388 1422 451 1484 sine
467 1417 636 1484 conditione
651 1415 768 1494 babeat,
792 1418 935 1504 sequitur,
958 1417 1131 1482 beneficium
1147 1439 1200 1482 ex·

186 1537 332 1600 sussionis
349 1534 523 1600 »electioni«
540 1535 719 1598 contrarium
735 1553 808 1611 esse,
826 1531 908 1618 quod
920 1553 1041 1620 quoque
1056 1536 1199 1620 seriptum

185 1651 335 1716 invenitur
357 1651 388 1715 in
402 1649 436 1716 L.
454 1647 507 1715 33.
532 1646 597 1733 §2-
619 1650 654 1714 L.
670 1645 714 1714 45
731 1647 767 1714 de
790 1647 899 1713 admin.
918 1659 976 1713 tut.
999 1649 1034 1713 L.
1051 1647 1094 1713 56
1116 1671 1200 1712 man-

186 1765 257 1830 dati.
279 1766 314 1830 t.
330 1763 381 1831 10.
398 1764 434 1832 C.
450 1765 487 1831 de
504 1763 541 1831 0.
558 1778 588 1831 et
601 1765 639 1831 A.
664 1766 698 1830 L.
711 1761 742 1830 6.
760 1761 795 1830 G.
813 1763 849 1829 de
872 1762 973 1830 arbitr.
990 1776 1047 1830 tut.
1070 1764 1105 1830 L.
1119 1762 1150 1829 3.
1167 1763 1198 1829 5.

187 1879 239 1948 19.
256 1879 332 1947 Cnd.
350 1880 386 1947 de
407 1882 576 1968 fidejussor.
600 1881 747 1947 Beneficio
765 1880 919 1947 divisionis
937 1894 1036 1947 autem
1057 1879 1199 1969 prohibe·

184 2010 244 2075 tur,
268 2001 428 2086 quominus
452 1999 588 2078 creditor,
612 2019 699 2086 quem
720 1997 801 2077 velit,
823 1999 1009 2064 insolidum
1031 2000 1197 2074 conveniat,

184 2114 377 2201 quamobrem
399 2115 458 2180 boc
481 2115 624 2181 auxilium
639 2137 701 2180 non
724 2119 831 2193 minus,
857 2137 945 2202 quam
966 2113 1041 2180 illud
1064 2115 1198 2180 electioni

185 2233 299 2318 opponi
324 2235 440 2318 potuit,
470 2244 500 2296 ct
523 2233 688 2319 opponitur
715 2235 747 2296 in
770 2231 803 2295 L.
820 2228 863 2297 47
885 2231 984 2296 locati.
1003 2229 1038 2296 L.
1055 2227 1108 2296 59.
1132 2226 1197 2313 §.3

184 2347 324 2412 mandati.
340 2347 373 2412 L.
389 2345 432 2414 38
447 2370 492 2435 pr.
510 2346 546 2413 de
562 2347 670 2413 admin.
689 2360 745 2414 tut.
761 2347 796 2414 L.
808 2345 849 2414 10
863 2347 901 2413 Ι).
919 2347 955 2412 de
969 2346 1101 2434 fidejuss.
1117 2347 1152 2415 L.
1166 2344 1197 2411 3.

187 2459 238 2528 16.
256 2460 290 2528 C.
307 2462 375 2528 eod.

251 2577 336 2645 Unde
359 2578 517 2668 colligitur,
542 2583 568 2644 si
585 2579 779 2647 demonstrari
802 2583 908 2668 possit,
933 2601 1052 2646 correns
1072 2578 1198 2646 debendi

184 2697 308 2761 invicem
337 2695 461 2760 alterum
489 2705 545 2782 pro
575 2696 667 2762 altero
694 2699 800 2772 teneri,
833 2719 895 2762 non
929 2698 1026 2761 minus
1054 2695 1197 2762 benelieio

185 2809 340 2875 divisionis
363 2812 399 2874 iis
422 2809 536 2876 tributo
560 2811 730 2876 electionem
753 2832 871 2887 eorum,
902 2813 953 2898 qui
975 2833 1032 2898 pro
1056 2811 1128 2876 aliis·
1143 2809 1199 2876 ob·

184 2927 270 2988 noxii
292 2927 361 3001 sint,
384 2924 494 2989 finibus
512 2925 690 2991 arctioribus
712 2923 919 3004 circumscribi,
944 2945 1033 3012 quam
1054 2924 1197 2990 beneficio

184 3041 370 3104 excussionis
401 3038 640 3118 mandatoribus,
670 3039 912 3126 fidejussoribus,
948 3039 1198 3106 constituentibus

184 3154 421 3232 accommodato,
453 3177 513 3243 qua
536 3178 574 3222 ex
596 3179 628 3222 re
651 3169 807 3245 sequetur,
830 3156 1029 3223 iustinianum
1052 3154 1130 3222 Nov.
1154 3153 1197 3222 99

183 3273 288 3337 merito
312 3293 378 3337 euru
401 3269 519 3339 Nona
541 3275 742 3361 conjunxisse.

646 3450 734 3536 sas.

259 3583 306 3650 111.
345 3583 396 3650 De
424 3582 684 3672 fidejussione
712 3607 925 3653 corneorum
955 3585 1116 3654 debendi

620 3715 758 3768 mutua.

249 3850 355 3917 Mutua
379 3874 548 3918 corneorum
563 3853 716 3940 fidejussio
733 3853 907 3920 doctoribus
926 3857 1194 3942 praestantissimis,

183 3986 311 4051 quorum
335 3966 533 4034 dissensiones
563 3969 650 4057 plane
673 3983 703 4036 et
730 3970 884 4058 perlucide
907 3994 924 4035 a
949 3969 1104 4037 Gnilielmo
1129 3970 1197 4037 Gir·
