2936 4554
619 317 779 420 *nr—

190 501 262 568 bum
291 502 368 576 τέως
398 503 461 566 sine
488 499 600 588 adjecta
624 499 769 587 porticula
793 497 830 564 di
852 497 1052 566 dubitationes
1076 501 1204 565 excitare

191 640 253 682 non
280 620 407 704 poterit3
436 639 505 682 nam
533 628 562 681 et
591 619 760 703 saepissime
789 615 909 681 deficere
938 615 1014 680 hanc
1037 627 1153 681 constat
1176 627 1205 680 et

191 736 349 821 praecipue
378 734 437 799 hoc
465 734 532 798 loeo
556 731 648 798 verba
670 735 748 808 τέως
769 732 830 816 μὲν
852 744 982 820 spectare
1005 732 1145 797 videntur
1168 731 1205 796 ad

192 852 331 915 omissa·
361 853 534 916 sententiam
563 848 726 938 quondm,
755 847 851 937 qualis
879 825 938 916 est:
967 850 1047 923 »ἕως
1074 841 1206 932 ἀπόρως

191 961 318 1046 ἔχοντες
332 961 365 1030 oi
379 963 487 1031 toleror
502 975 689 1054 φανετωνα.
704 1003 740 1016 -
755 965 831 1030 lllud
846 957 1071 1047 concedentes⁶l
1087 963 1122 1030 de
1139 986 1205 1030 seu-

190 1085 282 1148 tentia
306 1086 416 1149 omissa
430 1086 623 1170 inquiremus,
649 1101 736 1171 quam
760 1105 775 1148 e
799 1081 898 1148 verbis
924 1086 1018 1171 princ.
1043 1081 1135 1168 oapl
1158 1078 1207 1144 net

192 1197 229 1264 di
243 1202 298 1264 καὶ
313 1193 444 1284 ἀπόρως
461 1245 490 1262 ..
505 1193 676 1285 ἤδυνῆθηι
701 1199 838 1264 haustam
852 1221 916 1265 esse
937 1201 1081 1265 neminem
1104 1196 1205 1286 lugere

190 1327 300 1403 potest.
340 1314 423 1398 Quae
445 1314 537 1379 verba
559 1314 642 1402 quod
664 1317 777 1392 attinet,
803 1337 869 1380 cum
891 1319 1075 1381 enuntiatum
1095 1316 1205 1402 princi·

190 1431 256 1518 pale
278 1428 420 1516 Subjeeto
444 1442 555 1507 careat,
580 1430 801 1517 »reliquorum«
825 1443 922 1495 autem
945 1453 1065 1496 reorum
1087 1435 1117 1495 in
1133 1453 1205 1518 pro·

190 1549 340 1634 positione
367 1549 478 1612 mentio
501 1547 568 1624 fiat,
593 1545 778 1611 Dedekindio
803 1559 833 1611 et
853 1549 981 1633 primum
1004 1547 1078 1611 illud
1101 1547 1206 1634 explo-

191 1661 317 1727 randum
335 1673 364 1728 et
380 1661 494 1740 deinde,
519 1663 602 1751 quod
625 1664 662 1729 ad
685 1665 742 1730 hos
765 1666 901 1752 pertinet,
925 1661 1113 1751 probandum
1136 1661 1202 1739 luit,

190 1779 279 1844 telem
307 1781 517 1845 continentiam
552 1802 615 1846 esse
645 1773 883 1869 periodorum⁷),
918 1791 952 1844 ut
981 1782 1033 1858 iis,
1064 1800 1139 1867 quac
1168 1776 1204 1842 de

191 1895 312 1982 reliquis
335 1900 493 1983 proposita
516 1899 591 1976 sint,
616 1899 646 1962 in
669 1896 889 1986 interpretanda
912 1917 984 1962 voce
1008 1897 1106 1970 »τέως
1123 1895 1203 1978 μὲν(

191 2015 237 2077 uti
259 2012 352 2078 liceat.
393 2012 540 2078 Periodus
568 2017 652 2090 enim,
668 2013 718 2078 »ai
739 2058 774 2079 ..
795 2009 965 2101 ἢδωνὴθρι
990 2035 1056 2078 eum
1078 2010 1203 2100 periodo

192 2122 297 2192 »ἀλλὰ
322 2172 354 2192 ..
378 2125 539 2210 derexerat«
562 2133 680 2196 nonnisi
704 2153 758 2219 per
780 2128 935 2218 periodum
959 2137 1095 2214 »χωρεῖν
1118 2126 1154 2192 δὲ
1171 2171 1204 2190 ..

191 2241 383 2330 ἕνδημωῦσιι
400 2247 541 2334 conjungi
559 2260 669 2334 potest,
688 2269 777 2336 quam
792 2250 827 2326 is,
845 2249 897 2334 qui
913 2245 1074 2311 seeundum
1090 2257 1204 2310 veteres

191 2364 365 2449 interpretes
387 2365 581 2451 interpungit,
605 2363 642 2429 ab
666 2364 847 2430 antecedenti
864 2366 985 2429 omnino
1002 2362 1147 2450 sejungit,
1163 2364 1205 2425 ita

190 2489 235 2556 ut,
259 2481 285 2542 si
308 2478 357 2543 illa
378 2492 475 2545 tamen
499 2502 565 2546 cum
587 2481 643 2546 hac
666 2479 872 2569 conjungenda
896 2493 981 2558 esset,
1003 2481 1096 2566 magis
1121 2499 1205 2558 »χω

191 2601 260 2680 ρεῒν
272 2589 367 2680 yolo«,
385 2617 473 2683 quam
486 2605 622 2684 »χωρεῖν
635 2596 690 2662 dd«
702 2599 875 2686 Imperatori
888 2595 1074 2663 scribendum
1089 2593 1203 2659 suisset.

190 2709 287 2776 Etiam
310 2733 382 2776 vero
411 2715 437 2776 si
465 2735 528 2778 eam
550 2713 744 2800 periodorum
768 2716 1004 2800 conjunctionem
1027 2711 1130 2776 adesso
1154 2709 1204 2775 de·

191 2838 400 2904 monstrasset,
428 2839 526 2892 tamen
553 2831 697 2892 sententia
724 2828 774 2891 illa
803 2830 913 2893 omissa
936 2825 1092 2912 rejicienda
1117 2837 1202 2890 esset.

191 2940 407 3006 Dedekindium
437 2945 514 3007 enim
541 2945 583 3008 ita
605 2943 784 3009 conclusisse
808 2943 916 3007 elucet:
945 2940 1075 3007 creditor
1096 2962 1204 3005 unum·

192 3078 338 3145 quemque
366 3061 397 3123 in
426 3059 554 3124 solidum
577 3061 734 3124 convenire
757 3061 872 3124 interim
897 3069 1029 3135 vetatur,
1059 3059 1129 3144 quia
1152 3056 1202 3120 ad·

191 3195 296 3238 versus
314 3173 444 3261 reliquos
462 3194 583 3262 quoque
598 3197 653 3261 pro
669 3188 753 3263 parte
772 3177 899 3262 experiri
917 3173 1051 3260 jubetur,
1072 3209 1107 3220 —
1128 3193 1203 3261 quae

192 3290 343 3354 conclusio
361 3292 524 3378 vituperari
547 3313 607 3356 non
623 3304 732 3378 potest.
772 3290 932 3357 Conclusio
949 3302 1046 3356 autem
1062 3311 1203 3378 sequens:

192 3408 262 3493 quia
296 3405 425 3472 creditor
458 3408 590 3494 reliquos
623 3410 780 3473 convenire
810 3406 911 3486 debet,
947 3411 973 3493 si
1002 3407 1146 3472 solvendo
1175 3419 1204 3472 et

191 3534 360 3609 praesentes
389 3526 463 3602 siut,
492 3523 660 3589 nullatenus
689 3536 802 3602 autem,
833 3527 858 3589 si
889 3538 994 3613 egeant
1020 3524 1067 3589 vel
1095 3523 1202 3601 absint,

192 3659 284 3702 unum
307 3642 339 3703 iu
362 3637 490 3704 solidum
514 3643 671 3705 convenire
695 3653 820 3719 vetatur,
845 3640 939 3707 donec
958 3639 1042 3724 (ἕως)
1058 3663 1204 3728 apparue-

191 3756 248 3830 rit,
278 3777 329 3820 eos
357 3777 441 3843 egere
464 3769 517 3821 aut
539 3756 642 3824 abesse
670 3795 704 3805 -
731 3761 849 3846 penitus
873 3756 946 3822 lalsa
969 3771 1029 3835 est,
1058 3778 1124 3820 eum
1147 3756 1203 3819 lrn·

192 3884 313 3955 perator
335 3885 472 3959 respectu
495 3886 659 3940 ceterorum
682 3897 745 3940 ooo
767 3885 885 3962 terimus
908 3869 1031 3957 (ἕως),
1055 3871 1107 3938 sed
1131 3894 1202 3938 coo-

192 3981 311 3991 ——k—

246 4025 268 4095 ⁶)
292 3991 401 4100 lirueger
419 4029 488 4100 569.
502 4030 545 4086 60.
572 4030 636 4103 Pape
655 4049 675 4086 s.
688 4030 712 4084 h.
725 4048 748 4084 v.
778 4059 811 4070 -
839 4031 861 4101 l)
879 4029 943 4087 Vide
961 4027 1031 4100 §nn
