2936 4554
191 539 291 584 rocem
315 513 404 604 »ῥέοι
427 514 678 582 cerastarum«
707 528 738 581 et
760 511 1021 599 »προμίπενδωι
1043 511 1199 600 placuisse,

190 655 248 721 qua
263 633 341 699 duos
356 655 424 699 reos
437 632 599 720 stipulandi
612 645 642 697 et
650 630 844 720 promittendi
856 628 1043 718 significaret.
1067 628 1203 717 Scripto-

188 771 236 815 res
251 748 444 814 Basilicarum
466 761 620 837 praeterea
641 759 786 812 memorat
800 767 872 810 roae
895 743 976 810 »oto
999 741 1107 826 ἔνοχοι
1127 742 1202 808 ἒπε-

189 859 392 949 ρωτῶμενοιι
414 861 651 951 frequentissime
675 867 728 940 uti,
753 864 825 950 quin
848 864 945 938 etiam,
969 881 1035 925 eum
1057 864 1088 924 in
1110 859 1201 924 Basii.

184 978 239 1044 tin.
255 977 367 1045 XXVI.
391 979 474 1044 titi.
494 979 547 1064 jus
562 979 754 1068 Digestorum
776 990 806 1042 et
822 975 942 1044 Codicis
963 973 1200 1062 fidejussoribus,

188 1097 233 1160 tit
249 1095 289 1172 11,
313 1097 365 1182 qui
388 1097 549 1181 inscriptus
572 1096 626 1160 sit:
654 1091 716 1159 »Ut
737 1093 896 1160 creditores
918 1094 1003 1181 prius
1025 1094 1204 1158 conveniant

188 1209 337 1275 debitores
360 1208 536 1297 principales
560 1223 590 1275 et
609 1208 741 1276 seeundo
763 1210 846 1286 loeo,
871 1213 897 1274 si
919 1210 950 1275 hi
972 1207 1117 1276 solvendo
1139 1229 1202 1272 non

189 1327 264 1402 aint,
292 1323 481 1390 mandatores
504 1325 551 1388 vel
578 1327 720 1412 pecuniae
749 1327 927 1389 constitutae
948 1347 1030 1402 reos,
1060 1324 1108 1388 rel
1129 1322 1202 1388 fide·

185 1440 347 1526 jussores‚«
369 1437 522 1504 Novellam
539 1437 582 1505 99
600 1452 630 1506 et
643 1437 722 1504 Nor.
737 1436 769 1502 4.
794 1459 819 1503 e.
837 1437 903 1504 1-
914 1437 944 1515 3,
968 1443 1014 1503 tit.
1030 1439 1076 1503 111.
1093 1452 1201 1516 autem,

190 1557 241 1641 qui
268 1556 429 1640 inscriptus
458 1556 513 1619 sit:
543 1554 607 1619 »De
636 1556 797 1620 constituta
823 1556 949 1641 pecunia
972 1566 1002 1618 et
1023 1553 1060 1618 de
1082 1552 1202 1619 duobus

188 1671 247 1734 reis
275 1667 467 1755 promittendi
494 1670 596 1748 reli«,
621 1670 674 1755 jus
697 1690 868 1734 terreorum
891 1671 1086 1747 contineatur,
1110 1671 1203 1756 arcipi

190 1797 330 1872 oportere
352 1788 451 1862 sentit,
475 1777 702 1870 ἆλληλεγγύως
715 1776 926 1860 ὕπευθύνους
942 1806 1061 1850 eorreos
1077 1782 1202 1848 debendi

189 1921 251 1964 uon
274 1921 347 1966 esse.
385 1899 410 1964 E
434 1904 583 1966 contrario
610 1904 675 1988 ipse
696 1901 831 1967 Asverus
854 1900 989 1978 affirmat,
1014 1921 1077 1966 eam
1099 1921 1202 1964 rocem

189 2036 209 2080 a
229 2014 331 2080 Verbo
354 2013 532 2100 ἐγγυάομαι
552 2015 742 2082 derivandam
764 2039 845 2094 esse,
869 2029 912 2094 et,
937 2038 1002 2081 enm
1024 2013 1204 2099 ἔγγνάομαι
1296 2051 1305 2066 ·

190 2129 390 2218 »fidejubere«
413 2132 566 2220 significet,
594 2136 636 2198 ita
658 2131 790 2220 probari,
814 2126 887 2196 ott.
909 2127 1114 2206 ὑπευθύνους
1136 2153 1203 2196 ror-

189 2267 257 2310 reos
272 2249 336 2312 viee
359 2261 463 2313 mutua
484 2247 676 2336 fidejussores
696 2270 770 2325 esse,
795 2269 924 2336 quocum
940 2261 1095 2335 congruat,
1119 2245 1203 2334 quod

188 2364 253 2448 ipse
268 2360 455 2429 Justinianus
479 2363 643 2430 inNov.4
665 2363 910 2451 »fidejussorem«
933 2359 952 2428 ὁ
973 2360 1126 2449 arrodere
1147 2385 1203 2428 no·

188 2480 316 2542 minarit.

258 2593 333 2678 Qui,
364 2614 440 2681 qnae
461 2595 597 2662 Asverus
625 2599 667 2662 sio
696 2597 810 2674 attulit,
839 2609 950 2662 attente
976 2595 1219 2684 contemplatun'

189 2729 257 2774 eum
284 2708 427 2774 concedat
454 2723 588 2797 oportet,
616 2712 687 2776 talia
716 2725 889 2799 argumenta
913 2711 996 2777 haud
1017 2715 1116 2800 magni
1137 2735 1202 2777 mo·

190 2827 281 2888 menti
303 2845 377 2888 esse.
416 2824 546 2890 Primum
570 2829 646 2891 enim
666 2828 784 2889 minime
807 2826 910 2890 docuit
932 2827 979 2890 vei
1001 2827 1104 2891 saitem
1125 2831 1203 2891 veri·

191 2938 284 3002 simile
306 2937 444 3016 reddidit,
469 2961 557 3005 voees
579 2939 644 3004 illas
668 2939 875 3025 aTheophiio
899 2951 928 3005 et
949 2938 1122 3005 rumoribus
1143 2939 1203 3004 Ba-

191 3053 342 3118 silioorum
364 3051 528 3132 adhibitas,
558 3057 610 3141 qui
637 3076 686 3120 eas
710 3053 835 3118 sortasse
858 3077 876 3118 a
899 3047 1093 3136 Theodoro⁶)
1122 3075 1203 3119 anee-

191 3172 298 3257 perint,
322 3181 375 3233 aut
389 3168 569 3248 Justinieno,
593 3183 645 3235 aut
659 3170 724 3256 ejus
740 3169 985 3247 antecessoribus,
1010 3183 1062 3235 aut
1077 3173 1203 3258 scripto·

190 3284 275 3350 ribus
305 3283 423 3350 Graecis
457 3285 536 3351 iilius
571 3290 675 3352 aetatis
709 3288 843 3375 cognitas
871 3299 901 3351 et
929 3285 1072 3375 probatas
1100 3284 1201 3365 fuisse,

185 3404 280 3486 ‘immo
303 3422 375 3466 vero
397 3405 537 3489 protinus
560 3415 697 3490 apparet,
727 3401 852 3468 eundem
876 3403 1077 3492 Theophilum
1102 3425 1203 3468 rooem

191 3520 277 3582 istam
294 3515 433 3583 Graecam
461 3521 555 3583 instar
577 3521 659 3583 vocis
677 3518 798 3584 Latinae
821 3519 903 3585 »duo
926 3522 968 3585 rei
989 3518 1202 3608 promittendi«

191 3632 361 3698 confecisse.
394 3633 574 3722 Paraphrasi
589 3636 653 3720 ejus
672 3648 702 3700 et
715 3635 848 3700 Basilieis
871 3639 948 3702 inter
970 3658 1002 3700 se
1026 3637 1203 3723 comparatis

192 3747 296 3815 deinde
319 3749 422 3826 elucet,
445 3772 497 3815 eos
521 3749 557 3815 de
579 3773 640 3815 una
662 3771 735 3815 roeo
758 3764 836 3816 certa
858 3773 920 3816 non
938 3755 1119 3827 convenisse,
1144 3771 1204 3837 qua

192 3885 311 3928 correns
334 3864 460 3930 debendi
483 3867 690 3954 significarent.
729 3865 831 3954 Atque
853 3867 978 3945 aceedit,
1003 3865 1085 3954 qnod
1107 3886 1203 3952 neque

245 4019 267 4089 ⁵)
291 4019 379 4074 Bienor
395 4021 411 4074 l.
424 4019 440 4074 l.
459 4039 483 4092 p.
502 4022 557 4076 141.
