2952 4556
713 291 753 360 61

225 471 297 538 bum
320 471 379 538 lere
402 471 544 560 quodque
567 471 733 538 desiderare
755 475 852 542 visum
874 485 929 550 est,
955 485 991 538 nt
1012 475 1168 561 separatim
1191 495 1238 540 re·

227 587 400 675 darguatur.
429 627 465 638 -
485 587 570 656 ,Haec
593 600 689 652 autem
714 585 856 674 Savignio
880 587 1018 655 videntur
1041 589 1200 655 obsistere:

281 703 325 774 „lc
347 703 480 776 Primum
504 703 542 769 ad
564 725 666 769 vocem
689 698 762 767 ott.
785 695 840 766 ὑπ.
863 715 1048 782 annotamus,
1075 705 1238 793 Imperato-

226 841 287 885 rem
309 819 462 884 Aduerbio
486 832 516 885 et
537 819 694 906 Adjectivo
723 840 809 884 usum
839 841 917 896 esse,
949 819 1018 884 dum
1042 823 1067 883 si
1090 818 1235 906 duplicem

226 933 361 1022 Sarignii
384 933 594 1022 obligationem
619 931 661 1016 (et
683 934 839 1000 corrcalcm
864 945 893 998 ct
914 931 1118 1016 accessorium)
1137 937 1237 1021 expri-

225 1072 303 1116 mere
331 1050 489 1128 voluisset,
521 1051 641 1116 alteram
668 1050 789 1137 perinde
819 1062 907 1138 atque
936 1050 1055 1116 alteram
1078 1050 1236 1139 Adjectivo
1262 1079 1267 1092 ·
1302 1053 1307 1062 ”

225 1165 328 1232 afferre
351 1179 381 1232 et
403 1165 551 1231 Particula
572 1170 626 1229 καὶ
649 1168 827 1253 conjungere
850 1165 1000 1232 debuisset
1014 1159 1238 1250 (o’llpblryvoo
1266 1143 1271 1184 ³

226 1285 281 1347 eol
302 1275 506 1359 ὑπεύθυνοι),
531 1285 671 1368 quoniam
693 1282 816 1367 intelligi
834 1303 895 1345 non
910 1294 1020 1369 potest,
1044 1281 1245 1370 quamobrem

225 1397 432 1482 fidejussiones
456 1409 580 1476 ¹mutuae
608 1417 692 1460 secus
723 1417 810 1482 quam
841 1396 1037 1484 obligationes
1060 1397 1235 1486 principales
1331 1406 1333 1411 '

225 1534 282 1600 pro
306 1509 538 1599 obligationibus
562 1533 617 1575 sua
638 1514 668 1575 vi
692 1511 896 1575 constantibus
919 1511 1071 1576 habendae
1094 1493 1192 1600 sintfl:

189 1673 191 1676 -
292 1627 327 1691 ll.
362 1627 525 1713 Imperator
553 1647 655 1690 vocem
685 1629 735 1690 »in
764 1625 981 1692 solidum‹'vel
1009 1631 1234 1715 promissionem

226 1743 314 1810 solidi
342 1746 459 1809 minime
488 1742 527 1808 ad
553 1741 683 1806 debitum
707 1741 867 1829 principale
889 1741 1121 1830 restringendam
1144 1723 1267 1830 signi-1¹

225 1861 338 1936 beavit,
363 1858 417 1924 sed
438 1861 599 1947 proposuit
621 1851 693 1921 citt.
713 1854 768 1922 ὑπ.
790 1857 939 1944 adjecisse,
964 1880 1109 1947 quemque
1131 1861 1162 1923 in
1185 1848 1253 1923 so?

224 1974 317 2041 lidum
345 1973 419 2038 velle
453 1978 552 2038 teneri.
600 1972 674 2040 Cum
703 1976 795 2060 igitur
822 1973 957 2061 Savigny
985 1977 1052 2039 voci
1081 1970 1154 2039 ott.
1180 1971 1235 2041 ὑπ.

226 2089 300 2156 duas
325 2089 521 2178 obligationes
541 2092 637 2156 inesse
652 2089 813 2154 arbitratus
828 2093 876 2164 sit,
899 2093 1044 2155 immerito
1061 2091 1149 2156 solidi
1162 2114 1236 2179 pro·
1247 2145 1260 2176 ,.

224 2209 392 2272 missionem
416 2204 455 2268 ad
477 2203 686 2292 obligationem
708 2206 898 2292 principalem
920 2210 1060 2272 cotrcuit.
1241 2180 1245 2188 .

291 2322 337 2386 ΙΙΙ.
373 2319 462 2403 Quod
485 2319 620 2408 Savigny
647 2324 775 2409 primum
795 2321 935 2386 Novellae
961 2335 1148 2409 praeceptum
1172 2345 1234 2389 non

225 2440 357 2526 agnovit,
382 2435 648 2502 sedlustinianum
667 2438 718 2523 jus
741 2451 827 2502 vetus
850 2442 1001 2526 repetiisse
1019 2438 1097 2514 dicit,
1121 2439 1232 2526 regula,

225 2574 313 2641 quam
341 2555 371 2615 in
400 2565 496 2616 mente
523 2553 642 2630 habuit,
671 2554 744 2619 haec
766 2553 836 2619 suit:
865 2555 986 2618 »chn
1009 2555 1140 2619 mehrere
1162 2555 1235 2619 Per·

225 2689 319 2734 sonon
341 2665 391 2732 liir
408 2667 481 2732 Eine
497 2667 611 2733 Schuld
633 2668 776 2734 austreten
804 2706 840 2718 -
867 2666 954 2750 (und)
978 2692 1039 2735 von
1061 2673 1141 2735 einer
1163 2670 1234 2734 soli·

225 2782 379 2847 darischen
394 2781 527 2869 Heilung
549 2785 645 2848 nichts
668 2806 758 2870 sagon
785 2821 821 2832 —
847 2784 946 2848 hellen
970 2788 1012 2849 sie
1034 2789 1064 2848 in
1087 2784 1138 2849 dor
1154 2785 1235 2856 That

223 2919 282 2962 nur
304 2890 522 2976 theilweise²).‹
562 2896 638 2962 Cum
659 2900 750 2982 igitur
772 2897 956 2962 Justinianus
981 2920 1032 2963 eos
1056 2920 1114 2962 »ex
1136 2920 1232 2987 aequo

225 3014 369 3076 actionem
396 3014 558 3076 sustinere«
582 3023 739 3086 memoret,
770 3033 858 3098 quam
880 3011 1080 3097 fidejussionis
1103 3026 1232 3094 mutuae,

225 3149 313 3216 quarn
335 3147 389 3213 per
409 3125 561 3190 Novellam
584 3127 746 3190 secundum
762 3125 935 3214 Savignium
958 3131 1114 3216 praecipue
1138 3129 1234 3196 voluit

225 3242 372 3318 ordinare,
395 3245 539 3306 rationem
562 3241 690 3307 habuit?
712 3260 799 3330 quarn
822 3265 914 3328 porro
931 3266 1035 3310 causae
1051 3248 1145 3310 mutui
1161 3246 1231 3323 dati,

224 3380 312 3447 quam
343 3361 374 3422 in
402 3357 460 3422 fine
487 3361 623 3445 principii
652 3371 751 3443 aperte
779 3358 900 3445 attigit?
937 3359 1015 3424 Tum
1045 3361 1163 3448 quidem
1194 3385 1233 3430 ex

223 3486 328 3540 mutuo
352 3475 546 3540 communiter
567 3486 686 3561 accepto
709 3476 739 3538 in
755 3495 864 3562 aequas
879 3487 977 3561 partes
994 3479 1035 3540 rei
1051 3477 1231 3566 obligantur,
1340 3555 1344 3564 p

224 3591 249 3654 si
271 3610 380 3677 aequas
403 3601 502 3677 partes
525 3591 697 3676 receperint,
721 3602 774 3654 aut
790 3589 1062 3676 adstipulationem
1079 3591 1232 3656 creditoris

223 3704 311 3770 simul
339 3707 543 3792 promiserint,
572 3704 740 3771 nullatenus
768 3717 866 3771 autem
894 3710 919 3770 si
949 3727 988 3772 ex
1010 3706 1074 3771 sola
1096 3728 1233 3772 numera·

221 3859 434 3875 *-

277 3946 299 4020 ι)
323 3947 372 4004 cir.
392 3947 461 4020 §aa
489 3977 523 3990 —-
550 3947 573 4024 ²)
596 3949 704 4025 savigny
720 3947 766 4004 ll.
784 3967 809 4026 p.
822 3948 882 4012 283.
982 3975 983 3978 ¹
