2952 4556
663 235 818 334 „rr-

234 411 425 501 portionibus
442 411 576 480 virilibus
598 427 687 502 atque
702 413 891 501 fidejussores
915 420 1010 484 mutui
1032 425 1088 507 prd
1112 421 1249 509 partibus

236 541 399 594 ceterorum
432 532 462 594 in
498 528 664 596 subsidium
699 543 868 610 tueantur,
907 555 1002 621 neque
1038 534 1249 626 obligationem

235 646 393 712 correalem
415 649 444 709 in
470 644 679 734 obligationem
707 649 899 736 principalem
928 663 957 715 et
986 657 1179 720 accessorium
1202 679 1249 722 re·

235 762 335 838 solvit,
359 765 430 850 quia
447 761 544 847 judex
559 784 620 827 non
635 762 761 850 jubetur
775 767 933 852 inquirere,
958 779 1105 855 quatenns
1120 774 1248 860 quisque

235 901 273 944 ex
287 881 354 966 ipso
371 881 491 966 negotio
508 879 717 966 principaliter,
742 891 889 968 quatenus
912 886 1074 949 accessorie
1098 884 1247 974 obligatus

236 997 288 1071 sit,
319 994 372 1059 sed
402 991 545 1082 obligatio
575 1015 690 1081 semper
716 998 747 1059 in
774 1009 874 1082 partes
897 997 997 1062 viriles
1026 997 1179 1066 dividitur.
1207 1033 1243 1066 ἡ

236 1108 319 1193 Quae
335 1108 488 1174 decidendi
503 1113 580 1174 ratio
597 1131 685 1198 quam
701 1111 845 1177 violenter
859 1113 1033 1200 Imperatori
1057 1114 1245 1195 obtrudatur,

236 1225 419 1314 superfluum
437 1238 482 1291 est
496 1224 708 1304 demonstrare,
732 1230 784 1315 qui
800 1249 871 1294 vero
888 1233 1062 1297 sententiam
1079 1235 1246 1298 universam

236 1354 370 1427 accurate
391 1321 586 1430 perspexerit,
609 1364 785 1431 persuasum
808 1343 866 1410 sibi
889 1342 1024 1425 babebit,
1049 1360 1080 1413 et
1102 1339 1176 1412 citt.
1191 1339 1248 1414 dre.

236 1461 323 1533 etiam
345 1480 384 1523 ex
406 1458 462 1525 bae
484 1462 724 1546 interpretatione
740 1463 771 1524 in
791 1482 862 1526 casu
885 1461 1015 1529 seeundo
1039 1465 1248 1529 intercessores

235 1597 415 1664 permanere,
441 1586 470 1640 et
489 1573 697 1641 Girtannerum
721 1597 786 1642 cum
802 1576 987 1643 Burehardio
1011 1582 1248 1666 propositionem

233 1689 395 1756 iustiniani
418 1694 460 1755 ita
487 1694 667 1756 convertisse
697 1705 727 1757 et
753 1687 997 1781 perturbasse¹¹),
1025 1705 1061 1759 ut
1089 1694 1188 1760 verbis
1209 1694 1252 1759 Ei

235 1803 299 1893 γάρ
321 1829 368 1882 τις
383 1805 456 1882 suci.
472 1805 697 1895 dispositionem
721 1806 888 1875 obvelatam
910 1813 1006 1876 inesse
1029 1809 1220 1898 significetur.

303 2038 482 2126 Priusquam
505 2038 543 2103 ad
563 2042 722 2104 sententias
746 2052 902 2128 sequentes
924 2039 1070 2108 Ludorici
1091 2042 1250 2108 Rueelrerti

236 2166 267 2220 et
282 2153 415 2242 Adolpbi
431 2153 606 2220 Dedelsindii
629 2155 872 2244 transgredimur,
895 2157 1099 2235 admonemus,
1123 2161 1250 2246 nequis

236 2270 468 2358 praetervideat,
510 2275 614 2361 quanti
653 2295 756 2338 eorum
797 2287 953 2340 auctorum
991 2277 1250 2362 interpretationes

237 2388 340 2452 ceteris
370 2385 508 2451 omnibus
538 2409 573 2451 eo
597 2389 788 2474 praecellant,
813 2389 897 2478 quod
924 2393 1147 2478 propositiones
1175 2391 1251 2456 fieti-

237 2506 293 2568 tias
320 2501 491 2568 omnimodo
520 2501 651 2591 fugerint
676 2517 706 2570 et
732 2509 794 2572 veri
821 2505 980 2571 verborum
1009 2527 1114 2571 sensus
1141 2518 1250 2572 attente

237 2630 266 2684 et
289 2630 423 2684 accurate
446 2621 589 2684 rationem
612 2618 779 2686 habuerint.
825 2620 891 2705 Qua
914 2620 1001 2686 laude
1024 2624 1167 2709 imprimis
1191 2621 1252 2686 Lu·

238 2733 375 2800 doricum
409 2735 609 2804 Rueckertum
644 2737 766 2825 dignum
790 2736 976 2823 judicamus,
1011 2739 1078 2824 qui,
1115 2740 1250 2825 quamvis

237 2864 414 2918 »contorta«
431 2853 494 2939 ejus
510 2852 667 2940 explicatio
684 2853 870 2932 Ded'cltindio
881 2854 952 2938 jure
966 2855 1030 2917 visa
1047 2845 1133 2934 sitm),
1153 2865 1251 2919 temen

237 2967 424 3034 difficultates
439 2967 579 3034 Novellae
594 2973 713 3058 penitus
729 2971 923 3057 perspexerit,
948 2989 1021 3056 quas
1038 2972 1203 3034 evitaturus
1220 2971 1251 3033 in

236 3107 350 3151 errores
374 3086 493 3172 quidem
517 3086 635 3162 incidit,
665 3107 793 3174 quorum
817 3098 915 3150 tamen
939 3107 1010 3174 prae
1034 3087 1137 3149 ceteris
1161 3105 1252 3148 excu-

238 3205 382 3266 sationem
404 3213 542 3277 meretur,
567 3203 677 3287 quippe
701 3203 752 3287 qui
777 3204 856 3265 omni
880 3200 981 3266 studio
1005 3203 1093 3266 etiam
1116 3202 1147 3264 in
1170 3198 1251 3264 dam·

237 3339 308 3382 num
332 3318 492 3380 sententiae
514 3318 653 3402 propriae
676 3315 824 3402 eleganter
838 3328 867 3381 et
887 3319 1028 3382 concinne
1052 3313 1252 3382 contexendas

238 3430 275 3497 ad
291 3434 443 3498 veritatem
460 3433 513 3496 niti
529 3429 673 3508 maluerit,
695 3453 783 3519 quam
800 3431 1006 3520 impedimenta
1029 3431 1085 3498 sibi
1103 3430 1252 3497 obstantia

238 3550 322 3612 ranis
346 3544 505 3612 verborum
529 3545 703 3635 ambagibus
731 3547 878 3614 obvelare.

303 3665 350 3730 lll.
392 3656 579 3746 Rueckcrt¹⁴)
604 3659 677 3728 ἄλλ.
691 3661 746 3728 ὑπ.
768 3664 901 3731 »alterna
923 3663 1116 3752 fidejussione
1140 3662 1253 3752 obliga·

237 3795 307 3849 tos«
331 3804 395 3848 esse
418 3783 576 3858 existimat,
601 3791 629 3846 et
653 3780 709 3846 »de
725 3783 760 3846 iis
777 3785 834 3870 agi,
860 3784 911 3871 qui
928 3803 1029 3847 omnes
1052 3779 1254 3869 principaliter

279 3936 324 4018 a)
348 3935 398 3992 cf,
417 3935 487 4007 516,
498 3937 517 3992 1,
546 3967 579 4012 ÷
607 3937 640 4008 1³)
664 3937 790 3993 neaeman
807 3956 831 4010 p.
847 3937 905 3994 182.
935 3965 969 3980 ·-
998 3935 1031 4007 ¹⁴)
1056 3935 1106 3992 cfr·
1120 3935 1179 4007 tss·
