2936 4554
646 307 803 407 „m-

215 489 386 575 gantissime
408 485 571 575 Imperator
597 485 682 551 dicit:
710 487 818 575 Legem
844 489 899 554 tuli
921 488 959 554 sle
977 491 1123 567 electione
1146 513 1228 556 man·

216 602 371 679 datorum,
402 601 628 689 fidejussorum,
659 606 890 669 constitutorum
914 600 1009 688 (eron
1029 605 1229 676 Mandatoren

215 741 246 783 u.
264 741 287 782 s.
305 714 384 800 wa).
419 717 484 783 ,lam
500 740 604 784 censeo
621 713 726 801 (smihi
743 723 838 785 visum
854 717 931 802 est«)
952 722 1121 806 electionem
1138 717 1226 807 (eam)

215 837 272 903 alia
295 837 502 902 retractatione
525 844 554 898 et
577 832 741 920 adjectione
765 856 858 923 egere.

232 1007 233 1012 ,
283 950 430 1037 Quoniam
459 962 557 1016 autem
587 952 726 1041 supplere
753 965 817 1017 tum
845 965 961 1018 tantum
991 954 1073 1031 licet,
1103 957 1129 1018 si
1159 976 1227 1020 vera

215 1072 387 1136 necessitate
415 1080 539 1157 urgente
568 1071 715 1156 cogimur,
751 1072 877 1158 propius
908 1082 939 1134 et
965 1073 1074 1135 rectius
1103 1083 1162 1148 est,
1193 1083 1228 1136 ut

215 1183 349 1250 δεῖσθαι
369 1183 605 1274 impersonaliter
627 1187 769 1274 scriptum
793 1185 999 1273 intelligamus.
1032 1187 1110 1251 Tum
1133 1185 1228 1252 Justi-

215 1304 321 1366 uianus
346 1304 417 1366 satis
442 1300 516 1365 clare
540 1321 574 1364 ac
595 1299 692 1364 lucide
708 1303 739 1364 in
753 1300 834 1365 hunc
856 1301 978 1366 modum
1001 1301 1152 1389 praelatus
1168 1315 1227 1368 est:

327 1416 371 1480 De
400 1416 542 1481 electione
576 1413 782 1479 mandatorum
817 1427 884 1480 cett.
915 1415 1008 1503 legem
1042 1419 1226 1483 utilissimam

327 1542 413 1596 antea
439 1530 572 1596 tulimus.
618 1527 683 1593 ,lam
712 1551 784 1595 vero
812 1520 963 1596 censemus
993 1527 1099 1615 (nobis
1130 1537 1227 1600 visum

327 1641 405 1728 est),
435 1645 492 1710 alia
519 1648 727 1710 retractatione
754 1657 784 1711 et
812 1645 1010 1712 additamento
1046 1670 1124 1735 opus
1153 1671 1225 1728 esse,

328 1758 425 1851 (quod
439 1785 501 1827 non
517 1785 555 1828 ex
570 1783 677 1850 genere
692 1775 738 1828 est
758 1783 855 1850 neque
878 1766 1026 1828 communi
1048 1765 1227 1851 reipublicae

327 1881 397 1943 usui
419 1874 546 1961 inutile).
573 1917 608 1927 -

283 1992 342 2079 Qui
364 1993 520 2060 nobiscum
543 2007 573 2061 ot
594 2017 661 2060 eum
683 1994 814 2084 Vulgata
837 2017 940 2060 vocem
968 1991 1165 2075 «ἅγεννοῦςα
1189 2020 1227 2064 ex

216 2106 402 2200 a'privativo
427 2124 456 2177 et
474 2112 605 2193 »γένοςι
625 2113 818 2199 compositam
834 2132 897 2176 esse
913 2114 1045 2199 accipiat,
1069 2135 1132 2178 nou
1155 2135 1225 2180 vero

216 2251 281 2295 cum
293 2228 465 2294 Haloandro
482 2249 597 2316 »neque
612 2226 767 2316 ignobili«,
785 2240 913 2294 autcum
924 2227 1128 2317 Homberglio
1145 2253 1226 2295 »non

215 2348 335 2434 inepta«
357 2344 516 2410 transferre
539 2344 625 2423 velit,
656 2347 682 2408 ei
705 2343 911 2433 supplemento
938 2344 1038 2432 aliquo
1063 2367 1141 2432 opus
1164 2369 1226 2412 non

215 2465 279 2527 erit.
327 2460 385 2547 Qui
409 2474 506 2526 autem
535 2461 583 2526 bis
611 2458 822 2549 interpretibus
846 2463 1011 2526 consentire
1034 2461 1128 2540 malit,
1159 2475 1226 2528 ete

214 2577 303 2644 nobis
331 2589 467 2665 quaerat,
499 2559 558 2664 qna
588 2577 623 2641 de
646 2598 678 2642 re
699 2577 860 2664 legislatori
889 2578 946 2642 alia
967 2580 1175 2644 retractatione
1198 2592 1228 2646 et

172 2724 175 2735 ·
216 2693 415 2758 additamento
446 2715 523 2780 opus
553 2713 617 2756 esse
649 2690 799 2769 videatur,
836 2714 902 2758 eum
937 2692 975 2757 ad
1008 2694 1099 2760 verba
1133 2699 1228 2784 »περὶ

216 2805 364 2893 socioria
378 2805 646 2891 possessiomes&
661 2809 714 2870 cat
729 2803 890 2892 ἐγγυητῶν
905 2811 960 2872 καὶ
974 2805 1227 2896 ἄντιφωνητῶνι

217 2919 544 3010 εὺίοςώίωιιῃεῳο
560 2920 684 2987 dubium
700 2943 764 2986 esse
779 2935 888 3010 potest,
913 2926 986 3011 quin
1002 2927 1045 2988 sio
1067 2928 1227 2994 rectissime

217 3037 379 3125 ablegetur.
408 3027 475 3086 -“

282 3153 407 3218 Plurimi
435 3156 611 3240 scriptores,
646 3156 788 3241 imprimis
823 3156 875 3240 qui
910 3156 1044 3242 opinioni
1079 3163 1226 3225 communi

216 3273 373 3348 resistunt,
402 3291 464 3334 non
493 3282 613 3348 curant,
643 3269 727 3358 quod
753 3269 939 3336 lastinianus
967 3271 1174 3338 mandatorum
1198 3288 1228 3342 et

217 3388 460 3452 constituentium
485 3407 546 3450 non
576 3389 733 3463 minorem,
763 3407 851 3473 quam
878 3384 1087 3473 fidejussorum
1122 3384 1228 3458 habuit

216 3507 370 3570 rationem.
403 3500 483 3585 Quid
501 3514 597 3568 autem
618 3500 654 3566 tle
675 3501 910 3588 fiteJussoribuc
936 3503 1037 3591 quales
1052 3504 1094 3570 illi
1110 3507 1225 3584 volunt,

216 3622 328 3685 mutuis
355 3620 449 3706 legem
476 3617 592 3683 laturus
627 3618 746 3684 illorum
781 3639 901 3707 quoque
931 3623 1108 3686 montionem
1138 3620 1227 3688 fecit?

217 3734 290 3824 quid
317 3733 522 3820 fidejussores,
554 3755 630 3822 quos
658 3738 690 3799 in
712 3732 830 3800 Noae
853 3734 1076 3802 mandatoribus
1105 3749 1134 3802 ct
1157 3759 1228 3803 con·

218 3849 407 3916 stitutoribus
436 3854 621 3936 anteposuit,
653 3855 684 3916 in
711 3851 789 3916 Nov.
807 3848 849 3918 99
878 3854 955 3917 inter
982 3850 1169 3917 mandatores
1199 3865 1229 3918 et

218 3967 429 4032 constitutores
446 3966 628 4032 intromisit?
663 3965 743 4051 Quid
757 3970 851 4059 magis
869 3968 1062 4056 superfluum,
1087 3968 1160 4057 qnid
1181 3972 1228 4034 in·
