2936 4554
686 313 846 412 ,34-

258 488 380 576 hebed)
404 495 595 580 aequoniam
618 492 720 558 electio
744 504 797 557 ant
822 492 861 557 ad
882 495 1028 560 actionem
1051 491 1192 574 refertur,
1220 507 1274 562 aut

259 631 314 698 pro
337 613 403 698 ipsa
425 612 541 674 aetioue
563 607 735 686 adhibetur,
766 628 859 695 quum
887 630 1072 696 consequens
1099 622 1160 686 est,
1184 614 1273 677 utin

257 725 305 790 bis
327 723 548 812 fidejussorum,
569 724 775 790 mandatorum
791 737 859 790 cett.
882 723 1115 812 obligationibus
1132 727 1273 792 electione

257 840 350 917 idem,
385 839 467 929 quod
497 843 612 905 actione
641 852 704 906 tota
733 844 764 904 in
782 839 929 926 judicium
956 840 1098 920 deducta,
1129 841 1203 907 effici
1230 844 1272 908 le-

256 977 362 1045 gamus
401 993 437 1006 -
474 957 560 1043 cnjus
595 959 637 1022 rei
671 956 849 1023 documenta
881 969 953 1023 sunt
985 957 1019 1024 L.
1050 955 1080 1024 9.
1115 953 1134 1040 5
1166 955 1181 1023 1
1220 962 1269 1024 cit.

256 1073 291 1138 L.
307 1070 362 1137 47.
379 1069 397 1154 ἐ
413 1070 434 1137 3
456 1074 505 1137 cit.
527 1071 563 1138 L.
582 1069 624 1137 10
644 1094 690 1159 pr.
707 1072 742 1138 de
764 1071 933 1159 fidejussor.
957 1074 992 1140 L.
1011 1070 1061 1140 16.
1079 1071 1131 1138 28.
1149 1069 1184 1138 (l.
1201 1072 1268 1138 eod.

256 1187 352 1253 Paulli
376 1199 520 1252 scutrae.
537 1187 571 1252 ll.
587 1185 637 1252 17.
657 1184 697 1253 16
713 1187 779 1252 coll.
802 1189 837 1254 L.
851 1188 882 1254 7.
899 1187 918 1273 ᾖ
932 1188 955 1256 4
969 1188 1053 1277 quod
1068 1187 1142 1254 falso
1157 1200 1267 1254 tutore.

255 1303 291 1370 L.
303 1302 331 1369 1.
348 1301 425 1387 §43
441 1306 489 1368 cit.
512 1303 546 1370 L.
555 1301 608 1368 52.
625 1299 644 1386 5
660 1300 680 1368 3
697 1302 733 1368 de
747 1302 916 1391 fidejussor.
939 1305 974 1372 L.
989 1303 1041 1371 23.
1059 1302 1094 1371 G.
1110 1297 1208 1386 eod.²)
1228 1341 1264 1354 -

256 1433 320 1486 tum
349 1420 451 1508 regula
478 1420 541 1496 illa,
572 1418 765 1486 »creditorem
790 1421 930 1486 electione
953 1418 1010 1487 sibi
1035 1443 1097 1486 non
1118 1420 1269 1509 praejudi-

256 1559 359 1614 care«,
375 1559 463 1624 quam
479 1549 591 1602 veteres
602 1537 680 1623 juris
697 1536 834 1604 doctores
847 1560 862 1603 e
877 1536 911 1603 L.
925 1536 968 1604 23
985 1550 1069 1604 etex
1090 1540 1155 1623 ipsa
1169 1537 1205 1604 L.
1214 1535 1268 1603 28.

257 1651 291 1720 C.
308 1657 357 1718 eit.
380 1657 537 1742 praecipue
558 1654 738 1731 hauserunt,
762 1666 886 1743 apparet
908 1657 1011 1742 quanti
1033 1652 1158 1720 bodiea
1179 1652 1268 1719 nobis

256 1768 389 1835 ducenda
418 1773 471 1849 sit,
497 1773 550 1857 qui
578 1771 794 1836 consumtionis
822 1769 1020 1858 processualis
1043 1761 1193 1853 allectus⁸l
1217 1791 1265 1834 co·

254 1889 354 1976 gnitos
377 1886 548 1953 habeamus.

717 2061 804 2148 aar.

255 2197 286 2264 3.
314 2198 543 2266 Electionem
568 2198 776 2265 creditoris
803 2197 959 2263 liberam
983 2209 1056 2263 tam
1077 2196 1264 2264 beneficio

254 2313 462 2381 divisionis
485 2318 630 2380 corneis
653 2313 813 2380 debendi
836 2313 1004 2392 tributo,
1030 2336 1134 2403 quam
1156 2313 1266 2380 bene-

253 2429 344 2495 ficio
377 2432 617 2496 excussionis
652 2429 942 2495 mandatoribus
977 2430 1056 2495 rell.
1081 2430 1167 2496 dato
1199 2433 1265 2496 im·

537 2544 660 2633 pediri
687 2545 977 2612 demonstratur.

320 2696 357 2761 D.
375 2697 408 2761 L.
427 2695 479 2762 28.
503 2694 538 2762 C.
562 2719 588 2761 a.
605 2694 680 2774 531,
704 2695 782 2762 Nov.
796 2696 828 2763 4.
850 2719 877 2761 a.
894 2693 970 2774 535,
994 2694 1072 2761 Nov.
1090 2693 1133 2764 99
1154 2719 1180 2761 a.
1198 2694 1263 2762 539

251 2813 327 2878 latae
349 2827 433 2878 sunt:
462 2815 561 2901 itaque
587 2813 633 2880 illc
656 2813 806 2880 electionis
830 2812 950 2879 effeetus
973 2811 1011 2877 ad
1033 2810 1173 2878 Novellas
1201 2834 1264 2878 non

305 3005 326 3076 ¹)
350 3006 460 3070 Quonim
479 3004 652 3079 obligationum
670 3005 782 3060 conlusio
799 3013 876 3060 mater
887 3003 935 3059 init
946 3021 1064 3070 errorum,
1084 3005 1126 3076 qni
1144 3005 1169 3058 in
1187 3021 1263 3076 quae-

251 3105 329 3159 stione
346 3112 429 3158 nostra
448 3122 543 3176 semper
560 3113 584 3158 st
600 3103 691 3175 ubique
710 3105 852 3158 excitantur.
885 3102 934 3157 cfr.
954 3101 1092 3156 Schmidius
1109 3099 1155 3155 LL
1174 3099 1262 3172 5243.

249 3209 301 3256 not.
312 3221 338 3256 u.
357 3232 390 3242 ·-
408 3201 438 3254 de
449 3200 536 3267 Keller,
555 3200 711 3271 Ribbentrop,
730 3200 838 3272 savigny
857 3203 917 3272 quin
933 3202 964 3254 iis
976 3200 1098 3256 erroribus
1114 3199 1201 3254 imbuti
1213 3217 1262 3254 nou

249 3300 305 3364 sint,
324 3316 395 3353 nemo
414 3297 514 3351 dubitat.
543 3296 749 3368 Comprehendere
765 3306 846 3352 autern
864 3315 1018 3370 nequaquam
1035 3315 1179 3370 possumus,
1198 3315 1261 3368 quo-

249 3396 323 3450 modo
340 3412 419 3466 neque
437 3395 530 3449 Puehta
547 3394 623 3449 Paud.
642 3401 666 3450 et
683 3393 853 3469 Vorlesuugen
876 3395 955 3467 §235
974 3398 1112 3469 suspicatus
1131 3396 1174 3463 sit,
1196 3393 1261 3450 uncle

248 3493 304 3548 lons
322 3493 479 3548 dissensionis
496 3493 571 3564 hujus
589 3492 719 3548 effluxerit.

302 3590 323 3658 ¹)
347 3591 567 3646 Dentonem.
580 3599 603 3645 et
611 3592 640 3646 1..
650 3591 667 3645 2
676 3592 703 3646 0.
713 3592 742 3646 de
751 3591 814 3663 fidej.
824 3601 870 3648 tut.
890 3592 932 3646 eir.
943 3591 1030 3660 Keller,
1039 3593 1259 3647 Litiscontestation

248 3689 299 3744 und
316 3688 419 3744 Urtheil.
438 3688 525 3742 Ziirich
540 3688 616 3744 1827.
635 3707 659 3761 p.
672 3689 732 3744 437.
751 3699 802 3745 not.
815 3691 840 3745 5.

300 3787 322 3856 8)
347 3787 376 3840 de
388 3787 497 3860 Wenlng
514 3786 530 3840 l.
542 3785 559 3840 l.
577 3805 601 3859 p.
615 3786 666 3842 395
686 3787 795 3843 diversos
813 3787 913 3842 effectus
931 3786 1052 3842 electionis
1065 3805 1204 3843 corr-eorum
1216 3787 1258 3841 dc-

245 3885 317 3941 beudi
334 3885 556 3957 fidejussorumque
574 3893 598 3939 et
615 3883 734 3940 electionis
747 3886 916 3940 mandatorum
931 3903 944 3939 e
957 3887 1092 3940 discrimine
1105 3887 1180 3940 stricti
1194 3886 1259 3956 juris

246 3992 270 4038 et
287 3983 364 4038 bonae
381 3983 437 4040 fidei
450 3984 599 4056 judiciorum
617 3984 759 4039 descendere
777 3986 889 4055 opinatus
908 3992 952 4037 est.
