2936 4554
587 309 813 412 ‚mu-

294 489 346 556 lV.
381 487 479 574 Quare
493 487 680 556 Justinienus
703 489 873 556 electionem
895 511 1008 569 eorum,
1032 493 1085 578 qui
1105 497 1162 579 pro
1177 491 1243 558 aliis

230 605 354 693 obligati
375 619 461 682 sunt,
489 602 619 690 ’ἑτέρας
640 603 891 690 ἔπεξεργασίας,ι
915 607 992 670 »alia
1014 611 1242 673 retractatione«

229 721 361 808 indigere
387 734 465 786 reete
494 721 586 800 dixit,
616 743 698 797 eum,
728 741 804 808 quae
828 723 891 808 jan
914 724 944 788 in
967 721 1046 788 Nor.
1062 719 1093 788 4.
1117 733 1242 787 uectem

228 848 293 901 emt
314 837 431 914 electio,
461 839 492 902 in
515 835 594 902 Nor.
610 833 654 902 99
676 849 869 914 retractetur,
892 857 989 925 neque
1011 838 1155 902 immerito
1179 837 1242 903 No·

229 952 332 1016 vellem
348 949 391 1018 99
414 951 624 1037 »προςθήκην
645 947 704 1018 ote
723 947 883 1039 sirmio«
905 966 1003 1032 voert,
1026 973 1103 1041 quae
1125 965 1155 1018 et
1176 956 1243 1040 ipse

228 1066 379 1134 electionis
401 1065 604 1155 prohibendae
626 1089 716 1136 reuse
738 1067 838 1134 addito
860 1073 909 1136 sit.

633 1391 767 1466 vaput
783 1393 840 1450 11.

306 1519 533 1612 interpretatio
555 1521 648 1592 vonis
671 1519 915 1608 »duptsyrdec
936 1517 1167 1600 omnesomnes

692 1705 780 1794 seo.

361 1845 384 1908 1.
417 1842 647 1910 Aduerbium
671 1839 988 1928 »ἄλληλεγγύωςι
1011 1843 1107 1911 unde

570 1959 813 2026 derivandum
836 1963 898 2026 sit

199 2091 203 2096 ι
296 2103 464 2200 Cujneius¹)
492 2109 569 2177 duos
598 2133 667 2178 reos
697 2104 975 2197 »ἄλληλεγγύουςι
1003 2114 1104 2178 vocari
1133 2111 1240 2188 voluit,

228 2230 298 2314 qnia
320 2229 444 2294 invicem
467 2227 659 2293 intercedant.
696 2221 903 2310 Pusendorf¹),
927 2227 1002 2294 duee
1023 2227 1133 2294 Lexieo
1155 2227 1242 2292 Besi-

228 2343 318 2409 leenei
330 2341 445 2408 Budaei
467 2355 498 2408 et
511 2335 700 2430 Xylnudri'),
724 2341 760 2410 de
775 2365 849 2409 rose
871 2365 906 2409 en
928 2343 1020 2410 dubia
1036 2343 1109 2408 haee
1123 2345 1240 2432 posuit:

227 2451 354 2538 dyrodeo
376 2455 415 2522 nd
437 2457 599 2543 quemlibet
621 2461 888 2545 »promissionem«
905 2463 1041 2548 pertinet,
1066 2461 1242 2546 quinetiam

228 2571 265 2637 de
292 2585 377 2659 patre
405 2571 494 2637 filiam
522 2571 725 2660 despondente
754 2578 892 2640 occurrit.
932 2574 1044 2640 Deinde
1065 2573 1242 2658 ἔγγυάομαι

228 2687 445 2774 »fidejuberw
473 2700 536 2753 turn
560 2709 681 2776 quoque
703 2694 945 2778 »oppignorare«
967 2691 1122 2779 signifieat
1156 2689 1240 2756 Unde

226 2802 397 2870 Puiendorf
408 2805 567 2871 conclusit:
590 2807 651 2870 »itn
666 2800 877 2890 ἆλληλέῃυω
892 2820 951 2872 tam
967 2809 1064 2872 mutui
1079 2826 1240 2894 sponsores

228 2932 259 2984 et
284 2919 475 3007 fidejussores
502 2934 587 2999 sunt,
616 2942 706 3008 quam
733 2943 895 3009 sponsores
923 2925 1002 2988 inter
1029 2943 1062 2986 se
1090 2921 1240 3006 conjuncti

229 3046 258 3099 et
280 3039 406 3101 connexi
430 3084 515 3101 ....
537 3036 632 3124 Igitur
658 3032 870 3121 ἆλληλέγγυοι
891 3040 923 3102 in
945 3041 1117 3103 universum
1139 3036 1240 3123 piures

227 3153 269 3216 rei
294 3150 420 3217 debendi
443 3152 489 3216 vel
510 3152 704 3239 promittendi
727 3164 823 3217 sunt·

294 3266 320 3330 Ε
353 3269 502 3332 contrario
531 3259 696 3349 Asserus⁴)
731 3266 875 3334 adversus
903 3267 1057 3356 anooium
1085 3267 1124 3332 ad
1152 3289 1240 3332 usum

227 3381 420 3447 Basilioorum
436 3383 621 3468 provocavit,
644 3402 772 3468 quorum
787 3383 917 3448 inlibris
933 3383 1151 3450 »intercedere«
1167 3404 1240 3447 vore

228 3495 497 3579 »torporiosam
521 3499 719 3585 exprimatur,
750 3511 780 3564 et
805 3512 910 3565 eontra
930 3513 1091 3587 utrumque
1113 3501 1241 3585 scripto·

227 3634 289 3677 rem
312 3613 425 3687 attulit,
447 3612 627 3700 Theophilo,
649 3614 845 3701 Paraphrasis
866 3615 1090 3682 Institutionum
1113 3615 1238 3688 auctori,

282 3781 303 3846 ι)
328 3779 440 3849 cujaeius
460 3778 522 3850 0pp.
541 3796 578 3850 pr.
597 3779 629 3834 T.
642 3779 671 3834 11.
690 3777 734 3832 ool.
747 3779 800 3834 544
818 3779 848 3833 nd
866 3779 931 3833 Nor.
945 3768 1000 3833 99)

280 3876 303 3942 ²)
325 3877 464 3932 Pnfendorf
477 3875 522 3930 1.1.
542 3875 609 3948 5111.
629 3907 663 3916 -
682 3875 732 3932 cfr.
750 3875 869 3931 Hummel
885 3875 931 3930 1.1.
950 3876 999 3932 Th.
1012 3876 1067 3931 vtl.

279 3972 302 4042 3)
326 3973 390 4028 Vide
407 3982 458 4028 not.
471 3973 497 4030 8.
526 4005 559 4015 -
585 3973 608 4044 ⁴)
632 3976 744 4028 Asverns
762 3991 786 4044 p.
799 3973 835 4028 47
848 3991 902 4044 sqq.

1459 813 1464 956 1
