2936 4554
626 348 786 446 Aa„

266 531 402 620 Denique
423 531 496 597 haec
519 532 618 596 omnia
641 529 803 595 secundum
826 525 845 612 ἕ
863 524 879 595 1
904 529 1052 595 communi
1071 529 1216 594 sententia

200 645 422 736 pronuntianda
434 659 513 724 sunt,
531 645 665 734 cujusda
680 644 780 711 indole
791 647 853 733 jam
870 667 961 733 supra
976 646 1215 720 memoravimus,

195 764 248 850 jus
272 761 426 830 creditoris
449 761 487 827 ad
504 765 633 850 primum
648 773 825 828 conventum
841 759 984 826 redeundi
999 763 1025 825 ei
1039 780 1214 848 repugnare,

201 882 271 966 quia
288 877 385 966 judex
408 891 555 966 quemque
578 881 609 942 in
632 879 773 964 majorem
796 881 975 944 minoremve
992 888 1106 964 partem
1121 874 1168 940 vel
1184 877 1216 938 in

200 993 329 1059 solidum
352 993 600 1071 condemnaverit,
625 996 767 1081 quoniam
791 995 877 1058 ceteri
899 1005 1067 1081 praesenoes
1092 1003 1144 1056 aut
1163 987 1215 1056 ab·

200 1121 312 1187 sentes,
341 1109 441 1175 idonei
470 1122 608 1175 autnon
630 1107 732 1174 idonei
756 1101 863 1190 sint²¹).
903 1107 980 1174 (lum
1003 1129 1074 1173 vero
1098 1129 1146 1173 res
1164 1107 1216 1191 ju·

200 1223 305 1302 dicata,
330 1207 535 1289 consumtione
557 1224 755 1310 praccessuali
777 1223 904 1300 sublata,
928 1223 966 1288 ad
985 1246 1036 1290 eos
1051 1223 1131 1288 solos
1150 1243 1216 1287 cor·

198 1361 267 1405 reos
290 1349 417 1426 spectet,
441 1337 619 1426 quibuscum
642 1352 740 1404 actum
763 1343 815 1415 sit,
840 1337 990 1415 absentes,
1017 1341 1068 1425 qui
1090 1338 1216 1404 redeunt

200 1467 230 1519 et
252 1457 304 1542 qui
327 1454 470 1520 solvendo
493 1477 556 1520 non
579 1453 701 1520 luerunt
716 1437 758 1519 ¹eo
781 1467 922 1541 tempore,
947 1452 1000 1518 ubi
1014 1453 1120 1541 reliqui
1131 1451 1215 1537 judi·

200 1572 276 1636 cium
300 1592 451 1658 accepere,
476 1572 500 1634 si
526 1583 631 1658 postea
652 1569 762 1635 bonam
786 1572 901 1658 copiam
924 1567 1033 1636 habere
1056 1571 1214 1654 coeperint,

200 1709 218 1750 a
240 1685 385 1750 creditore
400 1688 552 1750 conveniri
575 1699 713 1772 possunt,
738 1688 785 1750 cui
800 1699 872 1772 post
887 1687 1060 1750 sententiam
1076 1683 1215 1749 damnum

200 1813 297 1867 ortum
322 1803 370 1866 sit.
417 1801 475 1885 Qui
498 1806 524 1867 si
550 1801 724 1869 beneficium
754 1800 908 1866 divisionis
932 1803 1025 1865 actori
1048 1811 1212 1887 opponant,

198 1913 280 1981 bona
300 1915 374 1980 fides
395 1921 545 2005 requirere
560 1917 687 1995 videtur,
711 1931 747 1983 ut
768 1918 877 2004 replica
898 1916 959 1982 doli
979 1908 1211 2002 repellantur”).

199 2028 339 2097 Creditor
361 2035 437 2097 enim
454 2034 517 2118 jam
542 2055 608 2098 cum
630 2037 666 2098 iis
689 2045 831 2120 expertus
855 2045 909 2110 est,
933 2035 985 2120 qui
1005 2032 1214 2096 litiscontesta-

199 2149 290 2212 tionis
312 2159 446 2235 ternpore
468 2162 637 2235 praesentes
661 2161 690 2214 et
705 2147 850 2214 solvendo
865 2147 994 2214 luerunt.
1030 2145 1090 2213 Sed
1106 2149 1131 2212 si
1147 2168 1214 2212 sen-

199 2266 299 2340 tentia,
319 2285 395 2351 quae
411 2277 515 2330 contra
530 2277 698 2353 praesentes
714 2277 743 2330 et
758 2264 882 2330 idoneos
895 2243 958 2329 lata
972 2275 1058 2341 esset,
1083 2262 1214 2350 neglecta

199 2377 327 2444 creditor
349 2363 387 2444 al>
410 2380 467 2445 illis
492 2393 588 2446 totum
611 2380 741 2447 debitum
761 2391 883 2469 peteret,
907 2379 1080 2448 beneficium
1095 2381 1122 2443 ei
1138 2377 1224 2442 divi-⁸

199 2496 291 2560 sionis
310 2495 378 2581 jure
402 2494 613 2584 opponeretur.
1097 2481 1120 2526 ς’

267 2723 357 2807 Quod
380 2725 417 2790 ad
441 2729 643 2812 exceptionem
666 2726 817 2813 Epistulae
839 2728 909 2793 Divi
926 2727 1069 2792 Hadriani
1092 2748 1145 2792 seu
1168 2723 1214 2790 di·

199 2838 343 2905 videndae
359 2843 482 2906 actionis
498 2844 628 2928 respicit,
646 2841 718 2906 haec
734 2845 869 2930 exceptio
885 2841 1047 2908 secundum
1058 2840 1213 2907 Novellam

198 2977 234 3020 eo
258 2954 361 3034 tendit,
386 2969 420 3022 ut
443 2955 572 3022 creditor
587 2979 651 3021 cum
677 2957 800 3045 reliquis
823 2979 953 3047 quoque,
978 2961 1029 3046 qui
1052 2959 1214 3023 litisconte·

199 3083 292 3136 statae
324 3083 456 3159 ternpore
486 3071 630 3138 solvendo
660 3086 690 3138 et
723 3086 891 3161 praesentes
922 3077 997 3150 sint,
1033 3077 1211 3161 experiatur.

199 3186 293 3271 Quam
322 3190 525 3274 exceptionem
549 3187 713 3255 dilatoriam
738 3213 816 3269 esse,
847 3211 886 3254 ex
912 3187 1016 3255 iisdem
1045 3188 1212 3256 rationibus

252 3359 287 3428 ἰ)
310 3361 344 3416 V.
358 3361 500 3434 Savignium
518 3360 563 3415 tl.
591 3361 641 3417 Cir.
655 3363 713 3417 diss.
726 3363 790 3418 ml.
803 3362 817 3433 5
830 3362 926 3418 50.51.
953 3363 1046 3417 Puchta
1058 3362 1212 3418 Vorles.l.l.

198 3465 223 3520 p.
236 3446 285 3502 37:
303 3449 388 3503 »Nach
400 3449 536 3504 Justinians
548 3449 622 3505 Plane
640 3451 709 3506 sollte
727 3451 765 3506 die
782 3452 859 3524 Frage
878 3453 942 3505 einer
960 3458 1070 3523 spiteren
1088 3453 1213 3507 lnsolvenz

198 3553 242 3610 gar
259 3537 325 3590 nicht
342 3537 412 3591 mehr
429 3539 589 3594 vorkommcn
607 3539 725 3595 konnen·
750 3542 866 3595 Attamen
883 3558 932 3595 non
951 3550 1033 3596 contra
1050 3541 1157 3596 beneficii
1172 3559 1212 3595 ra-

197 3627 287 3679 tionem
306 3635 367 3697 puto
385 3629 419 3680 ita
432 3627 536 3698 judicari
548 3646 629 3698 posse,
647 3638 676 3683 ut
686 3629 796 3698 ¹debiturn
807 3632 869 3684 inter
881 3649 943 3696 reos,
963 3632 1006 3702 qui
1022 3629 1138 3685 solvendo
1157 3630 1212 3694 sint,

198 3713 326 3780 dividatru,
344 3724 418 3786 prout
436 3715 551 3770 solvendo
570 3719 625 3783 sint,
641 3703 768 3784 ii'autem,
787 3720 829 3789 qui
848 3721 958 3773 conventi
976 3720 1083 3790 quidem,
1102 3717 1143 3772 scd
1162 3716 1212 3771 sol-

199 3802 277 3856 vendo
288 3820 338 3856 non
350 3805 406 3871 sint,
424 3803 566 3858 insolidum
580 3805 776 3872 condemnentur,
794 3806 819 3860 h.
833 3823 854 3861 e.
866 3816 896 3860 ut
907 3809 1084 3878 pronuntietur,
1103 3806 1212 3860 creditori

200 3898 283 3944 contra
300 3908 342 3945 eos
356 3892 400 3962 jus
419 3891 580 3965 stipulationis
599 3893 694 3948 salvum
715 3911 781 3961 ease,
806 3895 881 3949 donee
905 3897 985 3949 omnia
1008 3897 1030 3948 ei
1053 3892 1133 3948 soluta
1155 3895 1212 3948 sint.

202 3977 274 4058 Quod
293 3981 314 4031 si
332 3979 423 4034 lactum
440 3998 490 4035 non
508 3983 540 4035 sit
557 4000 601 4053 per
614 3983 736 4053 judicem,
759 3985 795 4038 rei
818 4000 936 4054 pauperes
954 3981 1059 4037 absoluti
1076 3991 1141 4036 sunt.
1178 3981 1212 4037 V.

199 4065 260 4122 diss.
280 4085 313 4120 m.
332 4067 348 4121 l.
369 4069 438 4140 550.
452 4070 495 4126 51.
508 4070 551 4125 54.
580 4100 613 4112 -
641 4069 676 4138 Ἠ)
700 4070 799 4126 Videsis
817 4071 876 4126 diss.
896 4089 928 4124 m.
946 4070 963 4125 l.
982 4070 1044 4141 §44
1056 4089 1111 4142 sqq.
1130 4069 1199 4141 554.
