2936 4554
674 289 833 392 „loe-

248 475 344 551 initio,
367 494 434 538 oum
450 473 543 537 correi
558 474 669 560 accepti
684 475 753 550 sint,
773 475 1000 560 promissionem
1016 472 1104 538 solidi
1120 473 1262 561 adjectam

248 612 313 655 esse
334 601 495 676 proponat,
523 587 646 654 verbum
669 589 845 673 σύμφωνον
867 593 987 654 nonnisi
1010 603 1194 656 contractum
1218 595 1263 657 in-

249 705 345 771 dicare
366 717 483 792 potest,
508 727 569 792 quo
593 705 693 770 correi
714 703 784 769 lacti
806 717 890 783 sunt,
916 708 961 770 cui
985 709 1078 794 igitur
1100 705 1189 773 verba
1214 711 1263 772 »iu

249 821 398 887 solidum«
437 833 489 886 aut
522 819 627 884 similia
654 823 851 886 inseruerunt.
897 822 999 909 ltaque
1028 821 1190 888 secuudum
1218 844 1261 901 ea,

249 941 371 1025 quaein
386 939 481 1025 capite
496 935 678 1003 antecedenti
701 939 906 1024 exposuimus,
931 934 1147 1025 »ούμφιονονι
1167 941 1263 1026 stipu-

249 1054 387 1119 lationem
410 1055 441 1117 in
464 1051 593 1117 solidum
617 1064 797 1118 contractam
814 1053 968 1141 siguificat,
993 1053 1025 1119 id
1040 1054 1124 1143 quod
1139 1077 1175 1120 eo
1192 1076 1264 1120 con-

248 1169 399 1246 firmatur,
435 1167 517 1256 quod
552 1166 641 1234 verba
675 1165 926 1255 pvluxdp'oocos
954 1167 972 1234 ὁ
999 1171 1058 1237 rori
1087 1169 1264 1257 συμφώνου

249 1283 367 1369 τρόπος
388 1287 499 1372 pariter
521 1283 559 1350 ad
581 1287 750 1350 universam
773 1289 999 1352 conventionem
1022 1280 1195 1375 spectant¹).

317 1402 351 1468 ll.
386 1395 670 1487 φυλάττεσθαι
696 1425 730 1484 μ.
752 1424 779 1466 τ.
800 1417 842 1478 σ.,
875 1398 945 1468 οὐκ
973 1398 1098 1480 εὐθὺς
1124 1404 1264 1487 μέντοι

250 1512 320 1604 τῆν
347 1511 473 1604 ἀρχὴν
502 1505 672 1584 ἕκαστοι
704 1512 936 1603 ὁλόκληρον
969 1514 1260 1597 ἀπαιτεῖσθαι,

250 1626 354 1699 α’λλοὶ
383 1636 478 1710 τέως
499 1636 571 1718 μὸν
593 1628 692 1701 κατὰ
714 1629 783 1719 τὴν
804 1643 967 1717 μοῖραν,
995 1627 1087 1700 καθ’
1108 1633 1150 1721 ἢν
1171 1637 1264 1700 ἔκα-

251 1769 340 1828 στος
370 1747 570 1832 ἐνέχεται,
598 1758 743 1838 χοροῖο
767 1750 809 1816 dd
831 1745 955 1817 αὐτὸν
977 1747 1165 1816 salnovei
1188 1750 1265 1818 cciv

250 1865 495 1944 ὑπολοίπων,
530 1867 611 1947 εἴγε
644 1870 712 1931 καὶ
745 1865 912 1951 εὔποροι
946 1869 1170 1934 saetosam
1198 1871 1264 1932 καῖ

250 1983 475 2070 drdpporioc.
494 2021 529 2032 -
550 1980 632 2066 Quae
647 1981 738 2048 verba
755 1980 996 2072 Osenlrrueggem
1014 1988 1065 2072 qui
1081 1988 1112 2050 in
1129 1981 1264 2072 Corpore

246 2104 324 2190 juris
347 2100 441 2168 civilis
463 2122 481 2164 a
503 2098 644 2165 iratribus
660 2099 815 2187 Kriegoliis
838 2099 918 2165 edito
933 2098 1073 2166 Novellas
1096 2100 1194 2166 denuo
1217 2121 1265 2165 rc·

251 2220 380 2295 censuit,
415 2238 475 2282 una
502 2216 643 2304 periodo.
658 2215 896 2303 comprehcndit,
932 2237 1023 2304 caque
1052 2218 1145 2305 igitur
1173 2219 1204 2282 in
1231 2237 1264 2282 re

250 2333 338 2399 nobis
368 2345 472 2398 auctor
494 2331 589 2398 laetus
611 2345 671 2409 cst,
701 2331 772 2396 dum
794 2332 923 2400 editores
946 2335 1062 2421 priores
1085 2344 1157 2420 post
1178 2329 1265 2396 »tvt-

250 2470 359 2530 xmae·
383 2447 470 2513 colon
493 2460 627 2534 ponunt,
658 2468 719 2534 quo
745 2447 833 2514 rerba
857 2473 871 2504 ι
876 2459 993 2534 χωρεῖν
1016 2493 1049 2513 ..
1072 2445 1264 2533 tropatus«

232 2579 269 2630 'a
291 2561 443 2652 prioribus
461 2564 582 2627 omnino
598 2578 762 2652 segregant.
803 2563 894 2649 Quod
910 2566 993 2644 silit,
1016 2564 1141 2652 periodo
1159 2559 1264 2628 »etto

252 2726 284 2746 ..
306 2687 444 2765 μοῖραν·
466 2677 638 2765 Subjectum
661 2681 756 2769 liquet
777 2693 807 2747 et
822 2681 954 2748 Verbum
977 2704 1031 2747 nec
1053 2704 1115 2747 non
1138 2679 1264 2746 lortassc

252 2797 408 2885 0bjeoum
430 2795 546 2875 deesse,
575 2819 650 2888 quae
673 2811 773 2886 partes
796 2821 835 2864 cx
858 2785 1060 2864 enuntiatione
1081 2800 1192 2885 priore,
1216 2797 1264 2862 cui

251 2915 323 2980 haec
337 2935 391 3002 per
404 2913 583 2980 Particulam
598 2908 684 2980 cetat
701 2917 847 2980 contraria
863 2911 1016 2990 efficiatur,
1033 2912 1263 2980 subaudiuntur.

250 3030 367 3097 Auctor
389 3033 465 3096 enim
496 3030 655 3118 Vulputuc,
680 3034 732 3118 qui
755 3029 846 3096 verba
868 3030 917 3094 illo
940 3033 983 3095 sic
1004 3029 1169 3094 transtulit:

363 3169 444 3213 »non
467 3160 565 3214 tamen
587 3168 661 3212 mox
681 3145 718 3211 ab
734 3149 818 3212 initio
834 3167 1075 3234 unumquemque
1089 3148 1121 3210 in
1136 3143 1265 3210 solidum

363 3265 452 3351 exigi,
476 3262 530 3327 scd
552 3265 669 3328 iuterim
693 3262 853 3328 secundum
877 3275 1001 3351 partem,
1025 3283 1086 3350 qua
1102 3263 1265 3347 unusquis-

233 3417 236 3422 *
363 3399 421 3465 que
444 3376 594 3465 obligatus
618 3389 689 3455 est«
1120 3435 1123 3440 ,

251 3494 379 3561 sortasse
402 3495 536 3560 ἕκαστον
557 3490 735 3581 ὁλόκληροι
750 3490 973 3572 ἀπαιτεῖσθαι,
995 3492 1188 3571 Haloooder,
1212 3494 1265 3580 qui

252 3635 286 3679 ca
309 3614 352 3677 sic
374 3609 519 3678 reddidit:

364 3752 413 3794 tn.
437 3739 459 3793 t.
483 3729 621 3814 protinus
650 3751 677 3792 a.
694 3731 713 3792 i.
738 3728 847 3816 singuli
876 3731 906 3792 in
937 3727 1064 3793 solidum
1094 3727 1265 3813 exiguntor,

363 3845 415 3911 scd
438 3847 554 3910 interim
577 3839 633 3932 pro
657 3859 749 3932 parte,
773 3867 829 3933 pro
854 3867 913 3934 qua
936 3847 1063 3933 quisque
1085 3853 1228 3918 tenetur«

305 4001 327 4070 ι)
350 4002 384 4057 v.
403 4000 475 4072 sae,
487 4001 521 4058 v.
