2936 4554
676 255 836 357 „es-e—

243 447 349 506 execto
384 436 564 525 respondere
598 457 698 524 posse.
743 433 804 501 Sed
831 433 899 502 inde
926 435 1064 525 colligere
1091 458 1154 503 non
1181 437 1258 518 lieet,

242 557 451 643 imperatorem
474 552 541 618 ideo
559 551 718 641 Optativos
741 551 856 617 boristi
878 552 926 616 bic
948 565 978 616 et
999 565 1106 640 postea
1127 575 1193 618 eum
1211 553 1260 619 Iu·

243 672 378 737 dicativis
400 667 604 734 Praesentium
632 667 802 732 indistincte
831 669 1066 745 commiscuisse‚
1096 667 1258 734 sedetiam

244 785 403 874 Optativoa
426 784 541 853 borist
570 781 791 872 quodammodo
820 780 859 847 ad
885 795 1003 870 mmpus
1029 783 1151 871 aliquod
1172 807 1261 872 prae-

243 905 362 969 teritum
377 903 522 990 respicere
537 921 631 988 quurn
642 919 678 963 eo
690 897 845 986 probatur,
859 898 942 985 qnod
953 897 1097 964 Praesens
1110 895 1258 994 »dxtera«
1356 913 1369 930 ·'

242 1021 319 1084 inter
335 1015 494 1104 Optativos
509 1014 625 1080 Aoristi
640 1015 799 1098 ιφανεΙηι
822 1025 852 1078 et
874 1011 1039 1094 »roxem«
1058 1037 1075 1078 a
1090 1015 1259 1102 legislatore

242 1135 446 1198 intromissum
460 1142 514 1208 est,
531 1141 655 1206 tumeo,
672 1129 756 1217 qnod
767 1133 797 1194 in
809 1128 945 1215 periodo,
962 1149 1038 1218 quae
1053 1143 1182 1207 nostem,
1199 1127 1258 1212 (uti

242 1247 408 1312 Particuiae
429 1245 490 1329 μὲν
512 1256 542 1309 et
564 1243 601 1312 di
623 1240 809 1326 ostendunt)
832 1244 1003 1334 respondet,
1027 1257 1057 1310 et
1078 1245 1257 1312 Indicativus

241 1362 358 1458 doristi
369 1354 561 1447 »videtvidet
573 1374 602 1425 et
612 1358 804 1448 Participium
811 1360 926 1426 Acristi
939 1355 1112 1442 »τυχόνῆ
1124 1360 1258 1428 adbibita

243 1451 323 1544 sunt
360 1477 476 1565 Regula
502 1488 600 1541 autem
623 1474 673 1540 illa
694 1496 790 1563 neque
813 1475 852 1540 ad
873 1475 1081 1542 Indicudoem
1101 1498 1197 1564 neque
1219 1475 1259 1542 ad

241 1591 449 1680 Perticipc'um
463 1591 577 1657 boristi
592 1593 730 1679 pertinet
765 1589 866 1678 Atque
881 1595 1009 1679 primum
1026 1596 1052 1657 si
1066 1591 1258 1680 Participium

241 1708 316 1774 illud
338 1711 497 1785 intuemur,
519 1719 652 1794 apparet,
676 1704 708 1770 id
729 1704 879 1770 absentiae
902 1711 1068 1773 accuratius
1091 1706 1259 1772 describen-

243 1825 297 1890 dae
325 1845 414 1889 causa
442 1821 589 1910 adjectum
612 1842 676 1886 esse
699 1832 728 1887 et
751 1819 932 1908 significare:
963 1825 1010 1887 »si
1033 1822 1159 1889 fortuito
1182 1825 1259 1888 acci·

242 1940 333 2016 derit,
369 1952 404 2004 ut
437 1938 572 2004 absentes
602 1939 688 2002 sint«
740 1935 854 2001 Deinde
883 1936 967 2024 qnod
997 1937 1036 2003 ad
1063 1937 1258 2004 Indicativum

242 2067 365 2145 spectat,
388 2075 475 2119 neruo
491 2066 589 2142 negat,
608 2053 840 2118 enuntiationem
857 2047 957 2138 »ὅπερ
969 2099 978 2116 .
990 2099 998 2117 .
1011 2047 1181 2140 ἤδυνήθηι
1198 2067 1258 2119 tam

241 2171 284 2248 id,
306 2169 389 2259 quod
411 2181 536 2258 propter
558 2168 736 2246 absentiam,
761 2187 850 2256 quam
874 2167 1104 2259 quodpropter
1126 2172 1258 2258 inopiam

242 2285 371 2352 creditor
394 2285 431 2350 ab
455 2285 519 2351 aliis
543 2285 673 2369 accipere
694 2305 757 2348 non
780 2284 921 2370 potuerit,
949 2283 1122 2372 siguificare.
1159 2283 1257 2368 Quare

242 2415 272 2468 et
297 2400 366 2466 inde
389 2398 614 2476 concludimus,
646 2419 766 2482 correus
795 2401 983 2485 intempore
999 2401 1172 2487 praeterito
1195 2423 1258 2466 non

241 2515 382 2581 adfuisse.
415 2547 452 2562 -
486 2513 569 2597 Quae
597 2534 663 2576 eum
690 2515 733 2578 ita
761 2515 835 2590 sint,
870 2511 1026 2582 discrimen
1055 2518 1127 2603 quin
1153 2538 1257 2582 revera

241 2635 318 2696 inter
330 2625 479 2710 »rixosus«
492 2642 521 2695 et
533 2626 697 2710 »τύχοιενι
709 2627 880 2706 intercedat,
898 2627 1027 2694 dubitari
1042 2635 1154 2720 nequit,
1171 2653 1258 2720 prae·

241 2749 342 2812 sertim
371 2768 437 2811 cum
465 2748 532 2834 ipsa
555 2745 738 2834 Temporum
766 2744 866 2810 indole
888 2743 921 2809 id
943 2745 1142 2812 confirmetur.
1181 2747 1257 2814 lliud

242 2862 397 2929 discrimen
426 2875 539 2940 autern,
570 2865 596 2926 si
626 2860 664 2926 ad
686 2861 804 2950 regulas
829 2859 886 2926 sub
909 2858 992 2926 nr.2
1015 2866 1188 2949 propositas
1209 2885 1257 2930 re-

241 2982 357 3067 spicias,
374 2979 475 3056 idest,
493 2976 577 3066 quod
591 2976 735 3042 Praesens
751 2990 848 3042 actum
864 2975 957 3042 Verbi
973 2977 1098 3054 derare,
1113 2977 1256 3045 doristus

241 3107 338 3160 autem
362 3097 393 3159 iu
415 3101 548 3181 tempore
571 3095 731 3179 praeterito
755 3105 853 3157 actum
868 3091 961 3158 Verbi
983 3095 1015 3157 in
1036 3115 1136 3158 rerum
1150 3107 1257 3160 natura

240 3210 329 3275 semel
352 3211 500 3275 eestitbse
523 3207 716 3284 demonstrat,
740 3207 942 3295 quamobrem,
966 3212 992 3273 si
1015 3229 1064 3274 eas
1081 3209 1199 3298 regulas
1217 3209 1256 3274 ad

240 3326 405 3412 exemplum
428 3337 566 3391 nostrum
588 3321 753 3401 referimus,
777 3346 831 3410 per
852 3345 954 3390 vocem
985 3321 1135 3405 rixosus«
1163 3328 1256 3414 sigui-

238 3440 358 3516 fimtur,
388 3441 520 3528 reliquos
549 3437 693 3528 solvendo
724 3461 756 3504 se
785 3439 887 3504 adbuc
913 3439 1044 3524 babere,
1072 3462 1127 3526 per
1152 3463 1254 3506 vocem

247 3555 419 3637 »texerem«
450 3576 501 3620 eos
525 3553 650 3621 fortuito
675 3555 763 3621 semel
787 3554 934 3642 adfuisse.

295 3711 327 3780 ¹⁵)
351 3711 507 3783 Participium
525 3718 549 3764 et
560 3711 701 3783 Augmento
720 3709 841 3764 deficiente
856 3719 880 3766 et
891 3711 1009 3776 Accentu,
1028 3712 1086 3782 quia
1096 3712 1173 3783 τυχόν
1184 3710 1255 3783 Oxy·

239 3808 316 3855 conon
333 3809 371 3854 eat
389 3799 442 3870 (cin.
454 3801 565 3872 Knreger
576 3798 592 3852 l.
605 3797 621 3852 l.
641 3799 655 3870 5
668 3797 710 3864 28,
723 3799 747 3852 7.
766 3801 800 3853 b
813 3799 838 3853 2.
857 3798 872 3870 §
885 3799 927 3865 34,
940 3799 977 3868 8),
996 3801 1157 3873 cognoscitur.
1186 3801 1255 3864 Quo-

239 3888 314 3942 modo
332 3889 488 3960 Participium
506 3887 658 3952 absolutum,
677 3888 744 3959 quod
761 3889 871 3944 Numero
889 3897 939 3942 mm
958 3908 971 3943 a
989 3889 1117 3961 Partieipio
1136 3888 1254 3955 ἅπαντες,

241 3993 316 4048 quam
333 3977 362 4032 ab
382 3976 494 4050 optativo
513 3978 592 4045 distet,
610 3975 760 4033 reddendum
777 3978 816 4045 ait,
835 3977 904 4033 docet
921 3977 1037 4033 Matthiae
1055 3975 1101 4034 tt
1119 3975 1207 4048 5564.
