2952 4556
698 319 719 386 3

630 409 789 418 -—--—--

202 521 269 564 mus
277 492 312 581 ⁸),
336 497 461 565 enodem
482 501 568 566 etiam
585 497 729 564 Anthent.
752 497 818 564 Hoc
840 501 881 564 itu
898 495 932 566 C.
949 497 985 566 de
1002 499 1062 565 duo
1086 502 1144 564 reis
1164 521 1218 566 ex·

203 617 346 701 serpsisse
361 615 552 701 conjiciamus
559 608 592 698 ⁷).
616 613 732 680 Nomen
748 617 810 680 veri
826 614 889 700 ejus
902 615 1099 682 Anthemione
1114 628 1218 682 auoto-

201 732 243 794 ris
265 737 362 817 neque
376 728 543 808 inGlossa,
567 752 663 818 neque
686 729 767 816 apud
789 730 925 818 singulos
947 731 1026 796 illius
1047 732 1093 796 vel
1114 743 1218 820 poste·

201 848 289 911 rioris
313 848 455 933 temporis
479 849 640 934 scriptores
663 846 787 911 relatum
811 857 864 922 est,
889 867 943 910 nec
958 849 1083 935 vestigia
1099 847 1216 925 desunt,

201 981 277 1048 quae
300 973 456 1048 sequentes
480 960 519 1026 ad
540 961 682 1028 {merium
700 961 879 1026 reducimur.
908 961 1039 1028 Joannos
1054 962 1217 1029 Bassianus

199 1079 315 1164 primns
329 1076 526 1142 Anthentieae
549 1075 654 1143 Codici
677 1081 803 1144 insertae
826 1080 1004 1142 mentionem
1027 1076 1106 1158 facit,
1130 1081 1216 1166 cujus

200 1191 291 1258 uerba
299 1185 324 1273 ⁸)
352 1196 378 1258 si
401 1195 499 1259 animo
522 1193 616 1260 libero
640 1206 670 1259 et
691 1216 752 1260 non
777 1205 923 1280 occupato
947 1197 1084 1282 inspicis,
1112 1216 1217 1260 conco·

201 1307 269 1374 dere
286 1320 315 1373 te
334 1321 463 1395 eportet,
487 1331 521 1374 aa
538 1309 577 1374 ad
593 1313 692 1396 ipsum
706 1308 851 1375 ioannem
867 1321 919 1374 ant
934 1330 1111 1398 quemquam
1129 1308 1217 1376 Glos-

200 1435 333 1489 satorum
357 1425 523 1510 aequalium
547 1422 673 1490 minime
688 1428 848 1511 respicere,
872 1427 961 1490 immo
985 1448 1056 1491 vero
1079 1429 1116 1493 iis
1139 1425 1217 1492 indi-

201 1540 276 1616 oari,
299 1538 510 1604 Authcnticam
533 1539 567 1604 L.
585 1537 615 1604 2.
633 1536 668 1604 C.
685 1538 752 1603 cod.
770 1540 832 1626 jam
857 1551 923 1605 aute
946 1553 1070 1606 aetatem
1091 1540 1215 1608 Joannis

201 1652 344 1740 adjectam
364 1673 439 1718 esse.
463 1652 543 1718 Tum
564 1653 659 1731 locus,
683 1656 714 1718 in
732 1675 793 1741 quo
809 1653 990 1720 Anthentica
1005 1655 1071 1721 Hoc
1092 1659 1133 1721 ita
1154 1657 1216 1722 ool·

199 1768 295 1834 locata
319 1780 373 1845 ost,
397 1768 507 1834 scilicet
529 1767 612 1856 quod
632 1769 666 1834 L.
684 1768 714 1834 2.
733 1766 766 1834 C.
784 1771 832 1834 cit.
856 1773 1026 1857 postposita
1048 1783 1102 1849 est,
1126 1769 1216 1860 a'rgu·

199 1896 329 1950 mentum
351 1887 479 1950 maxime
500 1884 641 1950 idoneum
665 1884 795 1972 praebet.
826 1879 1019 1970 Accursius⁹)
1043 1890 1120 1952 enim
1143 1909 1215 1952 con·

198 1992 416 2081 tentionem¹⁰),
446 2021 522 2087 qnae
545 2003 621 2066 inter
644 1999 832 2066 Glossatores
857 2001 893 2066 de
918 2015 1020 2068 mutua
1043 2025 1214 2070 cumeorum

197 2113 388 2202 fidejussione
412 2127 478 2180 orta
501 2129 560 2193 est,
586 2116 624 2181 ab
646 2117 758 2182 lrnerio
781 2119 898 2182 initium
920 2118 1037 2184 trahere
1060 2133 1213 2198 memorat,

198 2228 237 2293 ad
257 2230 359 2296 imerii
389 2234 564 2297 sententiam
591 2245 689 2298 autern
712 2245 817 2321 postea
838 2233 987 2299 Martinus
1014 2247 1043 2300 et
1064 2235 1214 2324 Rogorios

197 2357 392 2423 accesserunt,
416 2345 487 2411 dum
503 2347 661 2436 Bulgarus,
685 2347 841 2414 Albcricus
865 2349 901 2414 de
922 2349 1016 2416 Porta
1030 2351 1212 2430 Rauennate,

196 2459 327 2525 Joannes
342 2461 503 2528 Bassianus
519 2485 583 2527 eam
600 2459 897 2553 impugnaveruntn).
921 2465 1022 2533 Verba
1039 2467 1124 2533 »Hoc
1138 2471 1211 2545 ita«,

197 2596 273 2664 quae
294 2579 379 2643 initio
400 2578 596 2646 Anthentieae
622 2583 721 2666 posita
744 2583 978 2668 conspiciuntur,
1002 2582 1213 2648 Anthentieam

198 2723 411 2736 ——a—

249 2802 271 2870 6)
295 2801 404 2878 Savigoy
421 2803 465 2858 tt
484 2805 530 2860 Bd.
543 2805 568 2861 4.
586 2823 610 2878 p.
622 2805 659 2861 to
671 2823 725 2877 sqq.

177 2893 180 2900 ’
249 2899 271 2967 ⁷)
295 2900 328 2955 Δ.
339 2901 472 2968 Dedekind,
489 2903 527 2957 De
539 2911 632 2974 except.
645 2904 771 2958 divisionis
784 2904 973 2976 disquisitiones.
992 2907 1119 2980 Gottingae
1132 2906 1208 2963 1853.

195 3012 219 3067 p.
235 2995 293 3049 151.
312 2998 411 3052 eandem
426 3002 569 3054 sententiam
581 2999 708 3071 professus
726 3008 771 3066 ost,
790 3001 895 3056 sednon
908 3012 1013 3074 apparet,
1032 3021 1082 3074 quo
1100 3003 1211 3060 exiente

195 3094 305 3147 notitiam
324 3111 395 3148 snam
412 3094 528 3150 hauserit.

248 3189 271 3259 ⁸)
295 3191 398 3246 Summa
415 3191 517 3246 Joannis
540 3193 576 3260 (in
600 3193 702 3248 Summa
725 3196 826 3250 Azoms.
839 3196 996 3252 Studiisnr.
1010 3197 1111 3253 Dracsii.
1135 3199 1210 3255 Basii.

197 3287 318 3357 rotatio
335 3289 456 3344 Anthent
467 3291 522 3346 vtt.
546 3289 605 3347 cett.
616 3291 661 3346 tx.
680 3293 763 3348 Const.
775 3313 812 3349 nr.
825 3293 850 3350 2.
873 3295 919 3350 »In
942 3314 1039 3350 summa
1061 3306 1119 3352 nota
1143 3299 1211 3370 qnod

194 3403 225 3441 ox
242 3386 286 3440 hac
305 3389 476 3442 constitutione
496 3389 609 3456 sumitur,
629 3390 696 3461 quod
714 3401 752 3446 est
768 3393 794 3446 in
812 3393 838 3448 O.
858 3393 911 3448 eod.
930 3395 1008 3450 Anth.
1026 3395 1072 3450 hoc
1090 3397 1144 3450 ita«

245 3485 268 3553 9)
292 3484 330 3540 (il.
341 3485 434 3541 invare
452 3487 482 3540 ad
500 3487 528 3542 t..
541 3485 558 3541 2
571 3487 597 3542 G.
611 3487 640 3542 de
653 3489 710 3544 duo.
724 3509 745 3544 r.
762 3493 877 3547 notione.
889 3492 1008 3546 mandati:
1027 3495 1085 3564 quin
1101 3501 1209 3566 uterque

192 3599 237 3654 pro
255 3581 329 3638 altero
347 3584 443 3638 videtur
460 3584 610 3656 fidejussisse
629 3589 762 3642 secundnm
774 3589 805 3643 lr.
818 3591 962 3644 etAaonera
982 3629 1029 3644 ...
1047 3591 1209 3647 docunius.-

246 3679 279 3749 ¹⁰)
303 3681 336 3736 V.
355 3679 424 3751 525.
451 3681 500 3736 cfr.
519 3683 563 3738 W.
576 3684 715 3740 Girtanner:
734 3686 778 3740 Die
790 3687 937 3760 Btirgschait
953 3689 1014 3744 nach
1032 3707 1095 3763 gem.
1115 3691 1166 3746 (liv.
1177 3691 1208 3746 li.

191 3776 253 3832 dena
274 3775 430 3834 leto-51.
449 3798 472 3852 p.
485 3773 535 3836 '151
550 3799 604 3854 sqq.

246 3874 279 3944 ¹¹)
301 3875 418 3950 Ilugolini
440 3877 610 3934 Dissensiones
632 3879 795 3935 Dominorum
818 3880 832 3954 ξ
850 3881 910 3939 357.
928 3882 982 3940 360
1005 3884 1040 3956 (in
1065 3883 1206 3941 (iliaeneli

191 3971 256 4027 Dias.
268 3973 340 4029 lium.
359 3975 426 4047 Lips.
441 3975 516 4032 1834.
535 3995 558 4048 p.
571 3976 631 4032 495.
644 3977 715 4046 498).

955 4078 992 4134 1.
