2936 4554
668 259 828 358 mg

240 443 348 507 nisum
371 451 469 506 autem
491 461 588 528 nequa
610 441 641 504 in
664 440 835 528 prooemio,
865 461 962 530 neque
983 444 1015 508 in
1037 441 1095 508 alie
1116 441 1257 515 Novellae
1352 495 1355 502 .

241 569 326 645 parta
348 555 482 626 fraudem
496 553 608 622 Nomi
628 555 692 626 fieri
715 568 768 620 aut
786 555 895 622 laetam
910 579 975 622 esse
990 571 1144 636 memorat,
1167 563 1257 628 immo

241 695 313 738 vero
337 673 430 760 legem
453 669 641 738 infuturum
663 683 779 743 tantum
802 672 898 739 valere
917 673 1026 760 jussit:

355 786 509 854 »Τούτων
524 779 683 852 ἁπάντων
697 785 903 870 κρατούντων
924 787 1057 854 ἐπὶτῶν
1072 788 1259 872 συναλλαγ-

354 903 466 987 μάτων
487 903 546 968 τοῦ
559 905 642 988 pico
656 902 758 968 ταῦτα
780 903 900 988 χρόνον
916 937 957 950 -
973 935 1018 949 -
1033 899 1070 970 ed
1085 901 1150 991 γὰρ
1172 927 1258 992 irnp-

268 1085 272 1092 ,
357 1011 482 1104 ωχηκδς
503 1027 570 1094 τοῖς
592 1012 655 1103 πρὸ
679 1011 782 1084 sicot
807 1021 1009 1104 redeepirorc
1037 1013 1121 1108 derso
1143 1022 1260 1090 miros

280 1199 285 1212 ,
332 1132 643 1219 ιιιιιιτοιλιμιιιιὶνομεν
663 1132 805 1218 sipoto«,

179 1293 201 1322 ·.
245 1251 331 1328 dum,
367 1253 393 1314 si
426 1247 559 1315 fraudem
590 1253 756 1338 opprimere
785 1250 946 1328 voluisset,
978 1254 1177 1318 necessarium
1204 1254 1259 1320 ba·

242 1366 376 1444 buisset,
415 1388 478 1431 earn
512 1365 551 1430 ad
584 1379 702 1454 tempus
734 1368 926 1452 praeteritum
964 1388 1056 1454 aeque
1089 1369 1257 1435 extendere.

242 1481 347 1570 Neque
370 1481 582 1571 obligationem
605 1482 762 1547 comealem
786 1481 923 1560 sustulit,
952 1503 1048 1570 neque
1077 1503 1116 1548 ex
1143 1487 1259 1550 ratione

243 1593 424 1686 Vellejane⁵l
459 1597 591 1663 debitum
625 1597 785 1685 principale
820 1609 849 1662 et
882 1599 1079 1663 accessorium
1116 1597 1260 1689 distingui

240 1716 342 1803 jussit.
388 1713 526 1791 Accedit,
562 1711 646 1801 quod
674 1734 709 1778 ca
735 1716 850 1777 eversio
884 1712 1074 1800 obligationis
1109 1716 1258 1792 correalis,

243 1841 298 1895 aut
319 1829 369 1894 illa
391 1832 467 1894 ratio
490 1827 643 1913 Vellejana
664 1831 695 1892 in
718 1829 856 1915 injuriam
879 1827 1034 1894 creditoris
1057 1841 1165 1895 temme
1188 1853 1260 1896 cou-

244 1948 366 2010 stitutae
389 1957 496 2009 essent.
535 1942 610 2010 Nam
631 1946 747 2009 ratione
762 1942 914 2030 Vellejana
935 1942 1028 2010 libera
1049 1948 1260 2031 paciscentium

244 2061 384 2126 voluntas
414 2057 599 2137 excluditur,
634 2072 741 2126 natura
768 2058 959 2147 obligationis
991 2059 1146 2138 correalis,
1177 2084 1260 2128 more

245 2179 368 2265 antiquo
391 2190 534 2264 receptae,
561 2174 696 2241 funditus
720 2178 930 2262 corrumpitur.
966 2171 1156 2242 Creditorum
1178 2175 1260 2244 frans

244 2315 307 2360 non
329 2305 375 2358 est
397 2292 627 2379 praesumenda,
659 2313 762 2357 eorum
786 2293 936 2356 securitati
958 2313 1021 2355 non
1044 2289 1260 2360 obsistendum.

244 2408 359 2475 Deinde
392 2430 454 2474 non
487 2419 603 2472 tantum
637 2410 662 2470 is
693 2428 814 2472 comeus
838 2407 921 2492 juste
948 2408 980 2470 in
1010 2406 1138 2473 solidum
1168 2411 1262 2475 teneri

244 2524 456 2610 rideturrqui
479 2543 595 2587 omnem
617 2524 771 2610 pecuniam
794 2524 921 2608 accepit,
945 2522 1108 2588 sedetiam
1131 2527 1173 2602 is,
1198 2527 1260 2613 qui,

246 2643 272 2707 si
293 2641 447 2726 pecuniam
471 2660 532 2703 non
554 2641 728 2726 recepisset,
757 2650 810 2703 aut
832 2641 928 2726 majus
955 2637 1094 2705 damnum
1116 2661 1261 2726 passurus

245 2754 361 2833 fuisset,
385 2767 438 2820 ant
459 2756 556 2842 majus
580 2753 767 2819 commodum
783 2775 845 2819 non
860 2753 1034 2841 adepturus.
1074 2753 1153 2837 Quid
1167 2777 1262 2842 porro

206 2945 221 2976 ο
247 2870 415 2938 debitorum
438 2884 524 2958 pacta
545 2871 584 2937 ad
607 2869 780 2937 creditorem
802 2868 986 2956 respiciunt?
1017 2868 1099 2953 Quae
1123 2869 1263 2936 creditori

245 2992 378 3078 pravitas
401 2988 619 3077 opprobratur,
644 2990 705 3075 qui,
729 2997 765 3050 ut
780 2998 895 3051 tantum
918 2984 976 3050 sibi
998 2987 1181 3062 restituatur,
1205 3009 1263 3074 po·

247 3107 348 3182 stulat,
372 3118 516 3193 quantum
538 3107 602 3191 ipse
626 3102 716 3180 dedit,
740 3105 793 3190 qui
815 3101 898 3167 alteri
919 3101 1030 3167 nullam
1046 3101 1093 3166 vel
1107 3105 1261 3180 minorem,

247 3222 332 3287 alteri
354 3241 470 3286 omnem
493 3231 546 3284 aut
563 3221 706 3306 majorem
721 3216 809 3282 fidem
825 3215 952 3281 babuit?
973 3217 1155 3296 lmmovero
1169 3216 1264 3284 lusti·

246 3339 354 3400 nianus
376 3334 528 3422 legislator
551 3336 683 3398 omnium
706 3330 880 3397 deterrimus
903 3329 1024 3411 fuisset,
1055 3335 1096 3409 si,
1121 3353 1158 3396 ne
1180 3330 1262 3398 fraus

247 3449 327 3516 Nor.
349 3446 372 3512 4
392 3448 490 3526 lieret,
522 3469 633 3514 nexum
660 3447 818 3513 correalem
847 3451 1012 3535 antiquitus
1040 3447 1185 3514 meditans
1211 3461 1265 3513 aut

249 3567 370 3631 omnino
394 3567 546 3641 vetuisset,
568 3577 620 3630 aut
635 3586 674 3629 ex
688 3563 840 3650 Vellejana
857 3562 906 3628 illa
921 3566 1036 3628 ratione
1052 3565 1084 3628 in
1099 3564 1171 3628 alias
1187 3562 1264 3629 obli·

248 3684 382 3771 gationes
398 3681 578 3746 resolvisset.
608 3678 756 3745 Numerus
772 3682 981 3767 exceptionum
996 3650 1145 3757 crevisset,
1161 3691 1191 3744 et
1205 3701 1262 3767 pro

249 3796 429 3863 creditorum
442 3795 519 3861 dolis
530 3799 706 3884 praesumtis
720 3817 789 3860 vera
798 3793 879 3860 iraus
891 3794 1060 3861 debitorum
1074 3785 1262 3861 obtinuisset.

303 3952 325 4020 ⁵)
347 3953 412 4008 Vide
429 3951 534 4009 Puebtae
552 3951 630 4007 instit.
648 3951 695 4008 Bc
708 3950 734 4006 3.
752 3947 840 4022 5304.
858 3957 910 4005 not.
923 3968 944 4005 a.
