2952 4556
219 1473 385 1582 Numero
401 1533 522 1592 corum,
543 1513 598 1601 qui
612 1513 754 1601 opinioni
773 1513 936 1580 communi
952 1510 1180 1594 adversantur,
1199 1513 1233 1578 in

223 1635 290 1704 dies
306 1643 471 1704 crescente
485 1633 566 1702 haec
579 1636 655 1724 ipsa
668 1635 775 1724 opinio
789 1634 862 1702 inde
877 1633 1137 1702 aGlossatorum
1152 1646 1233 1703 tem-

221 1781 300 1850 poro
319 1779 421 1849 paene
441 1760 599 1826 neminem
618 1757 735 1826 habuit
757 1769 1053 1848 propugnatorem,
1076 1761 1131 1848 qui
1150 1781 1233 1849 quae

220 1906 281 1974 pro
307 1904 345 1951 ea
369 1880 492 1952 iaciant
513 1885 657 1952 rationes
683 1903 796 1950 omncs
824 1881 992 1974 diligenter
1010 1881 1176 1974 collegerit
1203 1893 1234 1951 et

221 2017 374 2077 accurato
393 2007 594 2098 explicuerit
628 2005 711 2084 Quin
736 2029 819 2098 qnae
840 2005 1009 2098 Cujacius,
1028 2006 1232 2075 Friedericus

220 2132 339 2202 Esaias
358 2130 578 2214 aPulendorl,
599 2131 758 2222 Georgius
776 2129 882 2199 Julius
897 2129 1095 2221 Ribbentrop
1116 2131 1233 2222 aliique

220 2257 375 2348 perpauci
394 2257 572 2347 scriptores
591 2255 644 2326 hic
662 2255 716 2324 vel
733 2254 797 2324 illic
814 2256 884 2349 ejus
901 2254 1114 2324 defendendae
1129 2277 1233 2324 causa

221 2380 418 2464 attulerunt,
447 2402 561 2448 eorum
583 2379 664 2449 fides
690 2380 956 2448 adversariorum
973 2382 1098 2470 impetn
1117 2391 1233 2448 nostro

220 2515 366 2595 tempore
385 2504 465 2573 adeo
485 2527 649 2574 concussa
668 2515 728 2588 est,
751 2515 789 2572 ut
806 2507 949 2588 unicum,
971 2502 1058 2596 quod
1078 2506 1232 2595 supersit,

220 2627 418 2721 praesidinm
438 2631 468 2698 si
484 2632 596 2698 nonin
609 2631 759 2721 ipsomm
776 2628 1042 2698 adversariorum
1058 2628 1233 2698 dissensio·

220 2753 328 2838 nibus,
346 2755 380 2822 in
397 2775 464 2823 usu
480 2763 609 2823 tantum
623 2754 823 2847 judiciorum
840 2756 1022 2845 antiquitus
1043 2764 1234 2823 constanter

167 2869 170 2876 Δ
222 2887 355 2948 servato
374 2879 553 2947 consistere
571 2876 731 2946 videatur.

300 3001 375 3072 ldeo
389 3004 518 3071 auctori
529 3004 711 3092 opinionem
726 3022 929 3069 communem
944 2999 1115 3070 defensuro
1130 3023 1234 3071 causa

222 3124 383 3197 scribendi
404 3124 568 3195 sufficiens
590 3147 655 3194 non
670 3123 780 3209 deluit,
802 3145 935 3218 eamque
955 3123 996 3193 ob
1015 3148 1085 3194 rem
1104 3148 1168 3195 non
1186 3128 1234 3195 in·

221 3251 299 3321 utile
318 3249 395 3344 qnid
414 3272 450 3320 se
469 3250 532 3319 sibi
548 3252 764 3342 proposuisse
779 3253 957 3320 existimat.
990 3251 1040 3319 An
1056 3251 1233 3344 quidquam

222 3374 392 3446 scribendo
410 3373 598 3467 profecerit,
627 3397 667 3446 ca
685 3375 723 3446 de
741 3399 777 3445 re
796 3376 884 3468 apud
902 3378 1011 3467 ipsum
1030 3398 1094 3445 non
1115 3387 1166 3445 cst
1179 3377 1234 3468 ju-

223 3500 350 3570 dicium.

209 3707 212 3716 ¹
292 3626 511 3717 Permagnum
536 3623 777 3694 dissertationis
802 3627 955 3694 volumen
981 3627 1110 3694 veniam
1134 3628 1234 3716 impc-

220 3748 323 3820 trabit
339 3752 483 3819 maxime
502 3748 543 3819 ob
562 3749 751 3842 permultas·
762 3749 835 3820 illas
850 3753 961 3819 varias
983 3760 1014 3817 et
1030 3748 1232 3820 arteficiosas

222 3876 401 3945 sententias
421 3874 696 3946 adversariorum.
726 3875 837 3953 Quam·
852 3872 892 3945 ob
912 3897 981 3943 rem
999 3873 1106 3944 trihus
1127 3897 1234 3967 epar·

221 3998 328 4086 tibus,
347 4021 431 4092 quas
449 3999 531 4071 haec
549 4000 650 4072 habet
667 4003 916 4085 commentatio,
936 4021 976 4068 ne
998 4021 1070 4069 eam
1093 3999 1232 4093 quidem,
