2952 4556
652 279 813 406 *eg

225 488 315 556 ditori
331 485 485 552 »funditus
500 489 596 552 inanis
607 487 654 552 vel
669 486 803 552 inutilis«
820 479 900 570 sit⁹),
916 497 1004 554 ‘tum
1017 487 1136 554 soum«
1151 489 1238 556 etiarn

224 607 256 670 in
278 603 409 692 reliquos
431 625 484 690 per
506 603 627 668 eandem
644 603 788 668 actionem
811 602 950 669 invadere
974 597 1135 688 debeat¹⁰)‚
1160 609 1185 670 si
1210 618 1262 672 et·

225 719 325 785 idonci
347 733 377 785 ct
398 731 567 807 praesentes
590 722 650 784 sint
671 717 761 806 idque
784 713 946 801 consuetu).
981 719 1056 784 Nam
1074 721 1239 806 adjectione

224 836 275 902 illa
303 834 451 901 debitores
480 838 605 900 invicem
632 833 827 920 fidejubentes
857 835 1037 914 ostendisse,
1075 839 1107 900 in
1136 837 1239 902 eondi-

224 954 306 1018 tione
330 973 393 1016 esse
416 973 448 1016 se
470 951 544 1017 velle
567 953 723 1027 severiore,
753 972 841 1037 quam
864 953 896 1016 in
919 973 979 1039 qua
1001 952 1171 1039 simpliciter
1193 955 1239 1018 in·

224 1070 317 1134 vicem
339 1066 534 1152 fidejubentes
554 1069 667 1134 versari
688 1059 843 1149 soleant¹²)
866 1103 902 1116 -
922 1066 1085 1133 Novellad
1105 1071 1239 1156 inspecta

226 1183 339 1272 duplex
354 1187 446 1272 igitur
460 1183 647 1248 commodum
663 1182 802 1249 creditori
818 1186 986 1271 contigisse,
1003 1184 1137 1262 alterum,
1153 1184 1238 1273 quod

227 1313 340 1366 ceteros
368 1300 533 1378 debitores,
565 1303 617 1388 qui
646 1321 683 1365 ex
712 1297 830 1364 nott
852 1314 1020 1387 praesentes
1051 1302 1148 1366 solum
1178 1303 1239 1368 sint

227 1429 380 1505 oporteat,
413 1419 500 1482 etiam
529 1414 672 1481 solvendo
701 1437 765 1480 esse
794 1428 929 1482 constare
952 1417 1072 1494 debeat,
1102 1417 1237 1495 alterum,

226 1533 310 1624 quod
333 1535 527 1599 communiter
540 1555 601 1597 una
617 1535 731 1598 actione
747 1553 848 1598 omnes
865 1533 1060 1600 conveniendi
1075 1537 1144 1613 sint,
1167 1533 1239 1600 dum

226 1661 310 1716 actor
332 1649 493 1716 secundum
516 1646 707 1714 Novellamd
727 1647 864 1736 pluribus
893 1649 1061 1716 actionibus
1089 1672 1155 1716 cum
1178 1654 1240 1718 sin·

226 1767 303 1856 gulis
327 1769 456 1856 experiri
480 1756 681 1844 debuisset¹³l.
727 1763 971 1851 Fidejussoribus
995 1779 1102 1845 autern,
1127 1770 1152 1832 si
1167 1766 1240 1853 Epi·

227 1883 320 1948 stolae
343 1882 373 1946 d.
389 1881 532 1946 Hadriani
559 1879 732 1946 beneficium
761 1883 919 1960 intuearis,
950 1885 982 1947 in
1011 1883 1092 1948 hune
1116 1883 1239 1948 modurn

227 1998 379 2064 subveniri
401 1995 556 2062 Dedelrind
578 2008 674 2084 putat,
699 1996 782 2083 quod
800 1996 897 2084 judex
919 2001 1068 2087 inquirere
1086 1998 1237 2087 jubeatur,

227 2117 280 2203 qui
302 2112 446 2179 solvendo
475 2115 552 2190 sint,
581 2133 677 2200 neque
701 2112 732 2177 id
753 2113 940 2200 probationis
971 2137 1047 2180 onus
1070 2115 1239 2202 fidejussori

228 2231 319 2296 electo
353 2228 504 2295 incumbat
514 2222 557 2312 ιι).
604 2228 791 2294 Postremum
826 2229 981 2295 Dedelrind
1011 2232 1064 2317 jus
1093 2233 1123 2296 in
1153 2243 1239 2296 antea

228 2358 391 2414 conventos
413 2345 556 2412 redeundi
579 2344 716 2410 creditori
741 2339 934 2428 concessit¹⁵).

294 2461 511 2528 Dcdelrindium
534 2485 551 2526 a
573 2459 647 2526 salsa
669 2464 813 2526 sententia
837 2461 872 2526 dc
895 2474 1015 2527 mutuae
1037 2461 1238 2548 fidejussionis

227 2591 334 2646 natura
362 2600 502 2644 exorsum
532 2599 610 2654 esse,
643 2578 706 2663 jam
740 2569 866 2658 antea¹⁶l
895 2581 1107 2664 comperimus,
1143 2598 1240 2666 neque

227 2698 320 2784 igitur
342 2697 448 2760 mirum
472 2706 529 2771 est,
561 2692 643 2780 quod
666 2715 700 2758 ea
722 2691 815 2760 fretus
845 2691 947 2758 salsam
972 2717 987 2758 e
1009 2692 1136 2760 Novella
1158 2717 1240 2760 suan·

227 2833 304 2877 marn
328 2811 480 2876 derivavit.
512 2809 586 2876 Nato
612 2812 656 2876 uti
678 2823 745 2874 ante
768 2807 885 2876 Noud
907 2810 995 2874 latam
1019 2809 1177 2887 debitores,
1202 2809 1239 2876 de

228 2927 338 3017 quibus
367 2930 441 3016 agit,
472 2926 655 2992 insolidum
679 2949 741 2992 non
769 2926 958 3003 tenebantur,
988 2929 1029 2991 ita
1051 2947 1146 3014 neque
1169 2937 1241 3014 post

229 3067 291 3110 earn
314 3045 401 3110 latam
418 3047 553 3133 quaestio
571 3046 643 3108 oriri
657 3045 767 3131 potuit,
792 3065 890 3108 nonne
913 3041 1077 3130 adjectione
1099 3041 1148 3106 illa
1163 3041 1241 3107 sacta

227 3159 400 3226 beneficium
428 3162 612 3224 excussionis
641 3171 749 3236 cesset,
784 3161 854 3245 quia
882 3156 1025 3246 obligatio
1052 3157 1241 3244 fidejussoria

228 3277 405 3341 accessionis
420 3289 555 3341 naturam
572 3295 605 3338 ac
620 3273 743 3338 sormam
759 3275 890 3350 retinuit,
908 3294 983 3360 quae
995 3277 1081 3338 ctiam
1097 3271 1238 3339 beneficio

229 3393 412 3457 excussionis
427 3389 464 3454 ab
487 3388 668 3478 obligatione
690 3388 846 3476 principali
868 3392 962 3476 magis
985 3388 1083 3454 adhuc
1105 3401 1241 3475 separata

228 3519 284 3573 est.
328 3506 397 3571 ldeo
425 3506 551 3592 adjectio
580 3507 662 3568 vocis
692 3506 723 3568 in
751 3503 896 3581 solidum,
932 3525 1007 3591 quae
1040 3503 1078 3569 ad
1107 3517 1239 3569 mutuam

228 3635 344 3690 tanturn
367 3620 586 3708 fidejussionem
608 3620 657 3696 lit,
687 3620 797 3685 nullam
819 3622 897 3686 inter
923 3618 1134 3708 obligationem
1157 3622 1241 3707 prin·

283 3805 305 3872 9)
328 3803 454 3860 liedckind
476 3821 501 3875 p.
516 3803 574 3858 162.
602 3832 637 3842 —
663 3804 696 3870 ²⁰)
720 3801 844 3856 Dedclrind
866 3820 891 3875 p.
909 3802 968 3857 160.
997 3831 1032 3844 -
1059 3802 1092 3869 ²¹)
1114 3800 1241 3856 liedekind

230 3920 255 3975 p.
270 3901 321 3956 160
333 3901 386 3956 coll.
404 3919 429 3973 p.
444 3901 494 3957 165
507 3909 532 3956 et
545 3900 603 3956 166.
617 3930 650 3941 -
664 3899 698 3970 ¹²)
709 3899 834 3955 lledekind
845 3917 869 3972 p.
884 3898 942 3954 166.
956 3929 990 3940 -
1003 3898 1036 3969 ¹²)
1048 3897 1173 3954 Dedekind
1185 3897 1240 3954 eod.

231 3999 264 4070 ²⁴)
282 3998 406 4055 Dedekind
423 4017 448 4073 p.
462 3997 521 4056 167.
540 4029 574 4042 -
593 3999 626 4070 ¹⁸)
644 3997 769 4054 liedekind
787 4015 811 4070 p.
826 3996 886 4053 166.
903 4004 955 4052 not.
970 3996 993 4051 1.
1009 4024 1046 4036 -
1064 3995 1098 4067 ¹⁸)
1116 3995 1150 4052 V.
1169 3993 1241 4067 510.
