2952 4556
695 318 856 420 Q-

270 487 422 566 critatem(
444 500 591 588 quandam
615 503 765 566 statuisse.
811 498 997 565 lastinianus
1022 501 1097 565 onim
1122 499 1284 566 secundum

269 615 485 681 Dedekindium
509 616 606 682 voluit
628 638 661 682 ac
679 617 781 701 jussit,
806 627 840 680 ut
862 628 966 680 mutua
989 615 1107 703 quidem
1130 616 1283 702 fidejussio

270 732 328 796 hoo
351 754 421 797 casu
444 735 485 797 ita
509 743 657 808 servetur,
688 743 722 796 ut
745 733 860 796 interim
890 734 1097 818 unusquisque
1120 754 1175 818 pro
1200 744 1284 823 parte

271 849 427 914 dumtaxat
449 851 604 936 exigatur,
634 847 687 912 sed
708 850 787 935 pacti
812 867 932 935 quoque
955 845 1140 932 fidejussioni
1165 859 1284 912 mutuae

269 963 384 1050 adjecti,
409 985 470 1052 quo
494 967 525 1030 in
549 962 677 1028 solidam
700 961 891 1048 fidejussores
910 985 940 1028 se
957 961 1181 1040 obstrinxerint,
1206 964 1285 1048 ejus-

269 1079 351 1144 modi
375 1083 451 1144 ratio
475 1077 635 1154 habeatur,
666 1089 701 1144 ut
729 1100 827 1166 quum,
850 1078 978 1143 creditor
1001 1079 1157 1144 commodo
1182 1101 1284 1144 omnes

270 1196 358 1259 simul
381 1194 575 1260 conveniendi
598 1193 730 1272 fruatur,
759 1207 822 1259 tum
846 1193 941 1258 atad
965 1194 1197 1282 »delegandum«
1222 1217 1284 1259 cre·

270 1308 397 1375 ditorem
420 1311 458 1374 ad
481 1310 613 1397 reliquos
635 1333 697 1376 non
722 1310 834 1375 diutius
852 1309 988 1388 sufficiat,
1014 1309 1175 1375 dummodo
1199 1333 1284 1397 prae·

249 1411 366 1492 'sentes
391 1419 504 1508 sint¹‘)‚
530 1427 582 1492 scd
605 1425 737 1492 debitum
760 1429 837 1491 inter
859 1449 927 1502 cos,
952 1449 1029 1514 quos
1053 1425 1196 1491 solvendo
1220 1449 1283 1490 esse

270 1555 398 1619 constet,
430 1543 641 1619 distribuatur,
673 1563 760 1630 quem
789 1546 819 1607 in
848 1542 934 1608 finem
955 1542 1051 1630 judex
1078 1545 1108 1606 in
1131 1541 1283 1608 facultates

271 1661 411 1735 omnium,
436 1661 487 1745 qui
511 1659 675 1744 injudicio
699 1658 807 1735 adsint,
831 1661 979 1746 inquirere
1004 1658 1117 1724 debeat.

336 1775 470 1861 Denique
488 1774 776 1840 commemorandum
800 1787 854 1849 est,
879 1778 965 1839 etiam
983 1766 1207 1862 Savignium¹⁵),
1232 1775 1284 1860 qui

270 1889 306 1954 de
337 1888 467 1954 secundo
497 1887 636 1954 Novellae
664 1902 822 1976 praecepto
854 1892 1024 1976 opinionem
1053 1887 1283 1954 Haloandrinam

271 2003 409 2080 defendit,
433 2017 540 2079 tamen,
565 2001 649 2091 quod
671 2003 709 2067 ad
733 2008 883 2070 notionem
907 2009 990 2070 vocis
1014 1997 1088 2068 a’tt
1102 2001 1156 2069 ὑπ.
1178 2017 1207 2068 et
1223 2004 1283 2068 lor·

270 2133 348 2184 tasse
364 2122 492 2206 primurn
508 2118 647 2183 Novellae
663 2133 850 2208 pracceptum
867 2125 980 2198 attinet,
1003 2119 1178 2186 Barchardii
1194 2124 1284 2185 inter-

270 2239 466 2322 pretationem
492 2233 742 2323 comprobavissc.

339 2464 389 2531 Sic
412 2487 514 2531 omnes
538 2470 696 2533 sententias
716 2472 812 2534 varias
837 2469 872 2533 de
888 2467 1012 2534 Novella
1035 2468 1190 2556 hucusque
1213 2491 1284 2556 pro·

270 2586 384 2670 positas
408 2583 627 2669 descripsimus.
663 2581 773 2672 Opinio
792 2588 868 2650 enim
887 2607 974 2672 quam
993 2585 1284 2650 »Pseudo-tannem-

271 2699 425 2786 gallicam«
442 2698 596 2763 Dedelrind
612 2693 820 2786 appellavit¹⁶),
840 2723 974 2788 quaeque
990 2700 1142 2765 Novellam
1159 2701 1194 2765 de
1211 2700 1282 2765 solis

271 2813 497 2901 fidejussoribus
521 2815 672 2902 intelligit,
702 2815 944 2903 aRonchegallo
973 2828 1115 2904 concepta
1143 2838 1204 2881 non
1228 2828 1281 2892 cst,

271 2951 367 3017 neque
395 2931 475 3019 apud
504 2953 681 3020 quemquam
710 2935 884 3019 scriptorem
912 2945 978 2997 anto
1001 2925 1187 3015 Asverum¹⁷l
1212 2932 1283 2996 mihi

271 3050 409 3112 occurrit.

339 3162 421 3244 Quae
445 3185 510 3226 cum
535 3167 574 3226 ita
598 3166 673 3238 sint,
703 3165 860 3249 opiniones
889 3165 1020 3252 singulas
1045 3168 1075 3228 in
1098 3164 1151 3228 has
1175 3165 1282 3228 classes

271 3277 464 3363 disponamus
480 3299 597 3341 necesse
613 3290 666 3342 cst.
692 3275 855 3363 Opiniones
871 3280 1061 3367 principales:
1084 3282 1186 3366 opinio
1203 3302 1283 3342 corn·

271 3395 378 3469 munis,
404 3395 505 3479 opinio
519 3391 729 3468 Haloandrina‚
748 3396 850 3480 opinio
866 3393 992 3472 Donelli,
1017 3397 1120 3481 opinio
1135 3394 1284 3460 Burclrar·

325 3593 358 3661 ¹⁴)
382 3595 449 3657 Quae
467 3601 543 3648 amico
561 3594 665 3647 conditio
683 3593 791 3648 beneficii
810 3603 963 3650 mancionis
981 3604 1025 3650 est.

326 3692 358 3760 ¹⁵)
382 3691 490 3764 Savigny
507 3689 521 3744 l.
534 3689 549 3744 l.
568 3709 591 3761 p.
604 3689 656 3746 282
670 3707 724 3762 sqq.
750 3692 816 3746 ldcm
836 3702 920 3746 auctor
942 3703 1010 3747 antea
1035 3695 1141 3765 opinioni
1159 3691 1282 3747 communi

271 3789 361 3843 fovisse
385 3790 488 3844 videtur.
525 3788 574 3844 cn.
593 3788 678 3842 uesch.
698 3788 721 3842 d.
740 3790 812 3844 nnn.
831 3790 920 3844 Rechts
939 3792 954 3844 i.
969 3792 1002 3845 lli.
1016 3793 1047 3846 A.
1071 3791 1095 3846 2.
1109 3791 1176 3846 Auli.
1200 3791 1225 3844 2.
1237 3790 1282 3844 Bd.

270 3885 379 3940 Heidelb.
395 3884 469 3941 1834.
488 3903 511 3957 p.
525 3885 585 3940 225.
602 3895 653 3940 not.
664 3907 691 3959 p.

325 3985 356 4052 ¹⁶)
382 3983 504 4038 llcdelrind
524 3983 592 4056 587.
621 4015 655 4024 -
686 3985 719 4054 ι7)
743 3987 854 4039 asverus
873 4004 896 4058 p.
912 3984 951 4040 13.
969 3995 1020 4040 not.
1032 3986 1075 4042 27.
