2936 4554
639 315 797 418 Αρ-

279 499 443 564 Discrimen
470 499 583 574 aut'em,
614 495 698 584 quod
727 499 767 561 ita
797 496 1009 574 derivavimus,
1037 495 1114 561 inter
1129 481 1226 583 =prae-

213 618 303 680 sentis
327 627 357 680 et
377 617 528 701 praeteriti
549 615 693 702 temporis
716 611 826 677 formas
849 611 888 676 ad
910 623 1027 700 tempas
1043 613 1114 678 unte
1128 615 1225 678 actio-

211 753 282 797 nem
303 731 473 795 irretitutam
496 730 526 794 h.
543 751 568 793 e.
593 727 632 792 ad
653 741 780 816 tempus,
809 751 870 815 quo
894 727 1023 794 creditor
1046 727 1082 793 de
1105 730 1224 793 octiom

211 847 398 912 instituenda
412 845 563 924 deliberat,
580 856 683 911 eontra
699 847 794 930 ipsius
808 821 999 930 Imperatoris¹
1009 843 1118 909 verba:
1140 844 1224 923 »aira

104 971 110 979 “
211 960 436 1026 ..uersata
451 965 506 1026 aad
521 959 713 1047 catapoita«
736 962 883 1048 pertinere
899 982 960 1026 non
983 971 1092 1048 potest,
1116 980 1222 1047 neque,

210 1076 294 1165 quod
316 1077 355 1142 ad
376 1077 435 1141 hoe
455 1090 573 1164 tempus
597 1089 725 1164 spectat,
752 1079 883 1154 interest,
907 1075 1155 1164 quandocumque
1176 1097 1224 1140 ra·

209 1191 308 1279 liquos
338 1192 440 1257 adesse
469 1195 648 1270 constiterit,
679 1195 767 1257 immo
791 1215 863 1257 vero
892 1191 956 1279 ejus
984 1203 1101 1256 tantum
1122 1190 1221 1268 refert,

209 1319 320 1384 utrum,
345 1329 410 1372 cum
426 1309 502 1371 actio
518 1309 701 1384 instituatur,
716 1319 886 1394 praesentes
902 1309 971 1383 sint,
987 1329 1087 1372 necne.
1120 1306 1222 1394 Itaque

209 1426 353 1511 eogimru,
377 1434 412 1487 nt
435 1421 591 1487 discrimen
605 1420 680 1486 illud
694 1421 792 1486 locum
809 1420 925 1499 habeat,
950 1421 988 1485 ad
1004 1423 1178 1487 citationem
1193 1389 1223 1487 et

208 1539 411 1624 copaitioaem
421 1537 541 1622 judicia
563 1540 692 1602 animum
710 1536 871 1603 advertere.
901 1534 977 1601 Nam
994 1541 1019 1602 is
1037 1559 1138 1603 ornnes
1156 1527 1222 1652 co'rx'·

207 1674 276 1719 reos
291 1657 381 1719 citare
393 1657 463 1720 etin
475 1674 580 1718 musae
594 1656 762 1741 cognitione
774 1651 970 1718 substantiam
986 1674 1106 1740 quoque
1118 1666 1222 1718 eorum

208 1771 375 1834 examinare
392 1768 525 1856 jubetur,
549 1772 589 1834 ita
612 1782 646 1834 ut
662 1767 795 1835 absentia
814 1772 1017 1856 praesentiave
1035 1773 1153 1857 cognita
1171 1761 1222 1847 ⁵th

208 1895 374 1973 autequam
396 1884 432 1952 de
455 1884 615 1950 idoneitate
639 1885 685 1949 vel
706 1887 810 1972 inopia
832 1907 935 1950 eorum
958 1886 1069 1972 inquiri
1090 1887 1197 1970 possit.

275 1999 357 2083 Quae
380 2023 447 2066 cum
469 2003 512 2066 ita
534 2004 602 2077 sint,
626 2021 714 2064 voces
739 2003 929 2087 »φανείηι
953 2013 983 2066 et
1005 2008 1219 2085 »pavetur«

206 2117 326 2181 nonnisi
348 2117 393 2181 ad
407 2115 735 2203 aoyeitoaemyadtete
748 2119 905 2204 pertinent,
929 2129 1018 2204 atque
1033 2114 1220 2181 manifestum

206 2243 264 2308 est,
291 2232 499 2320 Imperatorem
528 2253 591 2296 eam
621 2229 660 2296 ob
691 2253 810 2297 causam
838 2235 869 2296 in
897 2231 1012 2308 verbis,
1044 2230 1080 2296 de
1109 2230 1218 2319 quibus

205 2349 340 2434 quaestio
369 2361 428 2424 est,
458 2346 515 2413 sihi
543 2347 668 2435 fingere,
699 2349 850 2413 actionem
871 2349 932 2434 jam
955 2343 1130 2414 institutam*
1144 2368 1218 2413 esse.

204 2461 273 2527 ldeo
305 2475 334 2528 et
361 2466 438 2528 inter
470 2465 629 2550 »parata«
656 2475 686 2529 et
709 2461 930 2528 »καθεπᾶσμ
953 2474 983 2529 et
1005 2453 1218 2549 »ἔνδημοῦσιι

205 2576 361 2643 discrimen
388 2579 511 2666 aliquod
538 2601 642 2645 revera
670 2578 837 2656 intercedit,
872 2578 955 2668 quod
983 2580 1144 2645 secuudum
1172 2601 1219 2645 re·

203 2693 289 2780 gulas
312 2693 368 2758 sub
390 2716 436 2758 nr.
454 2693 475 2757 2
498 2706 527 2759 et
549 2694 680 2780 regulam
703 2698 828 2780 primam
847 2693 903 2759 sub
927 2717 972 2760 nr.
992 2694 1012 2760 3
1035 2695 1152 2760 allatam
1174 2694 1219 2760 sa-

205 2808 307 2873 cillime
324 2811 523 2896 cognoscitur.
561 2809 725 2895 Imperator
740 2811 817 2873 enim
830 2809 910 2873 illam
927 2809 1136 2887 conditionem,
1161 2811 1218 2876 sub

204 2945 263 3011 qua
286 2922 460 2989 creditorem
483 2922 626 2989 adversus
649 2923 780 3012 reliquos
799 2945 919 3012 quoque
934 2945 1021 3012 agere
1032 2923 1129 3010 jubet,
1154 2948 1218 2990 om·

203 3041 274 3103 nino
304 3050 418 3104 certum
445 3042 605 3127 proponit,
641 3038 712 3105 dum
741 3041 818 3104 hanc
846 3051 961 3105 eertum
989 3051 1044 3105 aut
1068 3042 1219 3107 iocatum

203 3175 267 3219 esse
281 3177 381 3241 posse,
406 3158 581 3220 enuntiatis:
605 3154 658 3218 »εἰ
673 3200 701 3219 ..
717 3155 810 3222 τοῦτο
826 3152 929 3232 οὕτως
943 3152 1019 3237 ἔχον
1034 3158 1171 3242 pavea«
1188 3170 1219 3224 et

203 3268 253 3332 »at
266 3265 297 3333 δ’
311 3265 441 3353 ἀπόρως
455 3267 603 3352 ἔχοντες.
616 3317 625 3335 .
638 3281 774 3358 φανεῖεν
791 3317 819 3337 ..
835 3271 925 3357 daut
940 3271 1099 3347 ἄποντεςι
1116 3286 1217 3360 aperte

202 3384 369 3451 declaravit.
412 3386 464 3451 lila
491 3387 622 3452 conditio
652 3387 757 3453 deinde
785 3388 872 3452 simul
902 3387 940 3452 ad
970 3383 1216 3475 exceptionem¹⁶)

200 3504 329 3588 respicit,
355 3523 439 3590 quae,
464 3505 489 3566 si
507 3516 657 3569 momento
673 3503 959 3569 litiseontestationis
977 3503 1101 3569 fundata
1116 3503 1214 3583 fuerit,

200 3638 316 3704 semper
330 3639 401 3683 vera
423 3629 477 3696 est,
501 3619 573 3683 haec
596 3618 634 3683 ad
657 3632 792 3686 naturam
811 3620 916 3706 judicii
936 3620 972 3685 de
988 3624 1104 3685 actione
1120 3620 1216 3686 divisa

200 3735 364 3810 constituti,
389 3755 464 3811 cum,
489 3738 514 3798 si
537 3747 609 3822 post
625 3735 929 3802 litiseontestationem
945 3739 1084 3813 evenerit,
1106 3748 1141 3800 ut
1162 3737 1215 3800 ali·

201 3851 282 3934 quis,
318 3852 370 3936 qui
397 3849 448 3914 illo
478 3862 611 3938 tempore
638 3872 694 3941 pro
723 3851 833 3920 idoneo
863 3851 983 3919 habitus
1013 3854 1066 3930 sit,
1099 3873 1215 3940 pauper

200 3961 412 3971 ——-

253 4000 286 4074 ιο)
308 4002 342 4057 v.
361 4001 473 4078 §auu
