<?xml version="1.0" encoding="UTF-8"?>
<!DOCTYPE html PUBLIC "-//W3C//DTD XHTML 1.0 Transitional//EN"
    "http://www.w3.org/TR/xhtml1/DTD/xhtml1-transitional.dtd">
<html xmlns="http://www.w3.org/1999/xhtml" xml:lang="en" lang="en">
 <head>
  <title>
</title>
<meta http-equiv="Content-Type" content="text/html;charset=utf-8" />
  <meta name='ocr-system' content='tesseract 3.04.00' />
  <meta name='ocr-capabilities' content='ocr_page ocr_carea ocr_par ocr_line ocrx_word'/>
</head>
<body>
  <div class='ocr_page' id='page_1' title='image "./novellajustinia00wiedgoog/novellajustinia00wiedgoog_0115.png"; bbox 0 0 2936 4554; ppageno 0'>
   <div class='ocr_carea' id='block_1_1' title="bbox 610 337 771 440">
    <p class='ocr_par' dir='ltr' id='par_1_1' title="bbox 610 337 771 440">
     <span class='ocr_line' id='line_1_1' title="bbox 610 337 771 440; baseline 0 -34"><span class='ocrx_word' id='word_1_1' title='bbox 610 337 771 440; x_wconf 40' lang='lat' dir='ltr'><strong>*oc-</strong></span> 
     </span>
    </p>
   </div>
   <div class='ocr_carea' id='block_1_2' title="bbox 183 513 1202 3270">
    <p class='ocr_par' dir='ltr' id='par_1_2' title="bbox 184 513 1202 1880">
     <span class='ocr_line' id='line_1_2' title="bbox 185 513 1200 608; baseline 0.001 -24"><span class='ocrx_word' id='word_1_2' title='bbox 185 516 315 607; x_wconf 89' lang='lat' dir='ltr'><strong>quidem,</strong></span> <span class='ocrx_word' id='word_1_3' title='bbox 331 518 384 584; x_wconf 92' lang='lat' dir='ltr'><strong>sed</strong></span> <span class='ocrx_word' id='word_1_4' title='bbox 398 515 532 606; x_wconf 85' lang='lat' dir='ltr'><strong>proiecto</strong></span> <span class='ocrx_word' id='word_1_5' title='bbox 548 539 611 582; x_wconf 89' lang='lat' dir='ltr'><strong>non</strong></span> <span class='ocrx_word' id='word_1_6' title='bbox 628 513 802 606; x_wconf 81' lang='lat' dir='ltr'><strong>ineptum¹⁶)</strong></span> <span class='ocrx_word' id='word_1_7' title='bbox 820 515 943 608; x_wconf 84' lang='lat' dir='ltr'><strong>Cujaeic</strong></span> <span class='ocrx_word' id='word_1_8' title='bbox 960 521 1112 608; x_wconf 83' lang='lat' dir='ltr'><strong>opposuit,</strong></span> <span class='ocrx_word' id='word_1_9' title='bbox 1133 539 1200 585; x_wconf 91' lang='lat' dir='ltr'><strong>cor·</strong></span> 
     </span>
     <span class='ocr_line' id='line_1_3' title="bbox 184 615 1197 724; baseline 0.001 -25"><span class='ocrx_word' id='word_1_10' title='bbox 184 656 253 702; x_wconf 90' lang='lat' dir='ltr'><strong>reos</strong></span> <span class='ocrx_word' id='word_1_11' title='bbox 276 637 399 700; x_wconf 87' lang='lat' dir='ltr'><strong>invicem</strong></span> <span class='ocrx_word' id='word_1_12' title='bbox 423 656 459 700; x_wconf 91' lang='lat' dir='ltr'><strong>ne</strong></span> <span class='ocrx_word' id='word_1_13' title='bbox 482 615 660 700; x_wconf 83' lang='lat' dir='ltr'><strong>intercedere</strong></span> <span class='ocrx_word' id='word_1_14' title='bbox 684 634 817 722; x_wconf 88' lang='lat' dir='ltr'><strong>quidem,</strong></span> <span class='ocrx_word' id='word_1_15' title='bbox 848 639 899 724; x_wconf 86' lang='lat' dir='ltr'><strong>qui</strong></span> <span class='ocrx_word' id='word_1_16' title='bbox 922 657 975 700; x_wconf 91' lang='lat' dir='ltr'><strong>uec</strong></span> <span class='ocrx_word' id='word_1_17' title='bbox 996 635 1197 722; x_wconf 86' lang='lat' dir='ltr'><strong>fidejussores,</strong></span> 
     </span>
     <span class='ocr_line' id='line_1_4' title="bbox 185 750 1199 838; baseline 0.001 -23"><span class='ocrx_word' id='word_1_18' title='bbox 185 771 239 816; x_wconf 89' lang='lat' dir='ltr'><strong>nee</strong></span> <span class='ocrx_word' id='word_1_19' title='bbox 265 772 441 838; x_wconf 80' lang='lat' dir='ltr'>sponsores,</span> <span class='ocrx_word' id='word_1_20' title='bbox 471 771 525 815; x_wconf 91' lang='lat' dir='ltr'><strong>nec</strong></span> <span class='ocrx_word' id='word_1_21' title='bbox 550 750 755 827; x_wconf 80' lang='lat' dir='ltr'><strong>mandatores,</strong></span> <span class='ocrx_word' id='word_1_22' title='bbox 784 773 839 816; x_wconf 92' lang='lat' dir='ltr'><strong>nec</strong></span> <span class='ocrx_word' id='word_1_23' title='bbox 864 754 1115 838; x_wconf 87' lang='lat' dir='ltr'><strong>expromissores,</strong></span> <span class='ocrx_word' id='word_1_24' title='bbox 1145 773 1199 816; x_wconf 88' lang='lat' dir='ltr'><strong>nec</strong></span> 
     </span>
     <span class='ocr_line' id='line_1_5' title="bbox 186 864 1200 952; baseline -0.001 -21"><span class='ocrx_word' id='word_1_25' title='bbox 186 869 399 932; x_wconf 77' lang='lat' dir='ltr'><strong>constituentes</strong></span> <span class='ocrx_word' id='word_1_26' title='bbox 428 868 497 931; x_wconf 89' lang='lat' dir='ltr'><strong>sint.</strong></span> <span class='ocrx_word' id='word_1_27' title='bbox 545 864 635 948; x_wconf 83' lang='lat' dir='ltr'><strong>Quod</strong></span> <span class='ocrx_word' id='word_1_28' title='bbox 657 866 692 930; x_wconf 87' lang='lat' dir='ltr'><strong>L.</strong></span> <span class='ocrx_word' id='word_1_29' title='bbox 711 864 762 931; x_wconf 86' lang='grc'><strong>17.</strong></span> <span class='ocrx_word' id='word_1_30' title='bbox 787 864 875 951; x_wconf 81' lang='lat' dir='ltr'><strong>§ult</strong></span> <span class='ocrx_word' id='word_1_31' title='bbox 899 866 937 932; x_wconf 95' lang='lat' dir='ltr'><strong>ad</strong></span> <span class='ocrx_word' id='word_1_32' title='bbox 960 864 1019 932; x_wconf 85' lang='lat' dir='ltr'><strong>SC.</strong></span> <span class='ocrx_word' id='word_1_33' title='bbox 1035 866 1139 952; x_wconf 86' lang='lat' dir='ltr'><strong>Vellej.</strong></span> <span class='ocrx_word' id='word_1_34' title='bbox 1169 877 1200 930; x_wconf 89' lang='lat' dir='ltr'><strong>et</strong></span> 
     </span>
     <span class='ocr_line' id='line_1_6' title="bbox 184 977 1198 1069; baseline -0.002 -22"><span class='ocrx_word' id='word_1_35' title='bbox 184 981 219 1047; x_wconf 86' lang='lat' dir='ltr'><strong>l..</strong></span> <span class='ocrx_word' id='word_1_36' title='bbox 232 980 262 1046; x_wconf 83' lang='lat'><strong>7.</strong></span> <span class='ocrx_word' id='word_1_37' title='bbox 280 978 329 1065; x_wconf 80' lang='lat' dir='ltr'><strong>§l</strong></span> <span class='ocrx_word' id='word_1_38' title='bbox 348 985 396 1048; x_wconf 88' lang='lat' dir='ltr'><strong>eit.</strong></span> <span class='ocrx_word' id='word_1_39' title='bbox 414 981 450 1046; x_wconf 90' lang='lat' dir='ltr'><strong>de</strong></span> <span class='ocrx_word' id='word_1_40' title='bbox 466 980 569 1046; x_wconf 78' lang='lat' dir='ltr'><strong>fraude</strong></span> <span class='ocrx_word' id='word_1_41' title='bbox 582 994 680 1069; x_wconf 84' lang='lat' dir='ltr'><strong>agant,</strong></span> <span class='ocrx_word' id='word_1_42' title='bbox 698 1003 774 1068; x_wconf 86' lang='lat' dir='ltr'><strong>quac</strong></span> <span class='ocrx_word' id='word_1_43' title='bbox 786 979 857 1048; x_wconf 61' lang='grc' dir='ltr'><strong>ὅθ’</strong></span> <span class='ocrx_word' id='word_1_44' title='bbox 874 981 950 1048; x_wconf 78' lang='lat' dir='ltr'><strong>facta</strong></span> <span class='ocrx_word' id='word_1_45' title='bbox 962 985 1010 1061; x_wconf 90' lang='lat' dir='ltr'><strong>sit,</strong></span> <span class='ocrx_word' id='word_1_46' title='bbox 1027 983 1083 1048; x_wconf 89' lang='lat' dir='ltr'><strong>etsi</strong></span> <span class='ocrx_word' id='word_1_47' title='bbox 1095 977 1198 1046; x_wconf 88' lang='lat' dir='ltr'><strong>Gracci</strong></span> 
     </span>
     <span class='ocr_line' id='line_1_7' title="bbox 185 1093 877 1182; baseline -0.001 -18"><span class='ocrx_word' id='word_1_48' title='bbox 185 1118 305 1164; x_wconf 86' lang='lat' dir='ltr'><strong>correos</strong></span> <span class='ocrx_word' id='word_1_49' title='bbox 328 1093 566 1182; x_wconf 75' lang='grc' dir='ltr'><strong>ἅλληλεγγύους</strong></span> <span class='ocrx_word' id='word_1_50' title='bbox 587 1100 732 1173; x_wconf 86' lang='lat' dir='ltr'><strong>vocarint,</strong></span> <span class='ocrx_word' id='word_1_51' title='bbox 755 1097 788 1162; x_wconf 95' lang='lat' dir='ltr'><strong>id</strong></span> <span class='ocrx_word' id='word_1_52' title='bbox 810 1097 877 1163; x_wconf 90' lang='lat' dir='ltr'><strong>ideo</strong></span> 
     </span>
     <span class='ocr_line' id='line_1_8' title="bbox 297 1212 1202 1303; baseline 0 -25"><span class='ocrx_word' id='word_1_53' title='bbox 297 1212 427 1280; x_wconf 82' lang='lat' dir='ltr'><strong>»sactum</strong></span> <span class='ocrx_word' id='word_1_54' title='bbox 455 1213 550 1279; x_wconf 86' lang='lat' dir='ltr'><strong>videri</strong></span> <span class='ocrx_word' id='word_1_55' title='bbox 581 1226 695 1303; x_wconf 87' lang='lat' dir='ltr'><strong>potest,</strong></span> <span class='ocrx_word' id='word_1_56' title='bbox 726 1213 809 1301; x_wconf 91' lang='lat' dir='ltr'><strong>quod</strong></span> <span class='ocrx_word' id='word_1_57' title='bbox 840 1216 1090 1281; x_wconf 89' lang='lat' dir='ltr'><strong>accommodatius</strong></span> <span class='ocrx_word' id='word_1_58' title='bbox 1124 1212 1202 1278; x_wconf 83' lang='lat' dir='ltr'><strong>nihil</strong></span> 
     </span>
     <span class='ocr_line' id='line_1_9' title="bbox 295 1328 1198 1416; baseline -0.002 -20"><span class='ocrx_word' id='word_1_59' title='bbox 295 1329 439 1396; x_wconf 88' lang='lat' dir='ltr'><strong>haberent</strong></span> <span class='ocrx_word' id='word_1_60' title='bbox 465 1329 503 1394; x_wconf 92' lang='lat' dir='ltr'><strong>ad</strong></span> <span class='ocrx_word' id='word_1_61' title='bbox 531 1328 749 1416; x_wconf 77' lang='lat' dir='ltr'><strong>exprimendam</strong></span> <span class='ocrx_word' id='word_1_62' title='bbox 778 1351 840 1394; x_wconf 91' lang='lat' dir='ltr'><strong>uno</strong></span> <span class='ocrx_word' id='word_1_63' title='bbox 863 1335 998 1409; x_wconf 90' lang='lat' dir='ltr'><strong>nomine,</strong></span> <span class='ocrx_word' id='word_1_64' title='bbox 1028 1342 1064 1396; x_wconf 91' lang='lat' dir='ltr'><strong>ut</strong></span> <span class='ocrx_word' id='word_1_65' title='bbox 1091 1329 1198 1406; x_wconf 85' lang='lat' dir='ltr'><strong>solent,</strong></span> 
     </span>
     <span class='ocr_line' id='line_1_10' title="bbox 297 1443 1200 1531; baseline 0.002 -23"><span class='ocrx_word' id='word_1_66' title='bbox 297 1457 475 1531; x_wconf 87' lang='lat' dir='ltr'><strong>potestatem</strong></span> <span class='ocrx_word' id='word_1_67' title='bbox 499 1443 700 1531; x_wconf 81' lang='lat' dir='ltr'><strong>obligationis,</strong></span> <span class='ocrx_word' id='word_1_68' title='bbox 724 1465 800 1531; x_wconf 91' lang='lat' dir='ltr'><strong>quae</strong></span> <span class='ocrx_word' id='word_1_69' title='bbox 822 1447 899 1510; x_wconf 90' lang='lat' dir='ltr'><strong>inter</strong></span> <span class='ocrx_word' id='word_1_70' title='bbox 922 1466 1040 1510; x_wconf 90' lang='lat' dir='ltr'><strong>correos</strong></span> <span class='ocrx_word' id='word_1_71' title='bbox 1063 1449 1106 1510; x_wconf 89' lang='lat' dir='ltr'><strong>sic</strong></span> <span class='ocrx_word' id='word_1_72' title='bbox 1128 1467 1200 1511; x_wconf 91' lang='lat' dir='ltr'><strong>con·</strong></span> 
     </span>
     <span class='ocr_line' id='line_1_11' title="bbox 297 1558 1199 1648; baseline 0.002 -24"><span class='ocrx_word' id='word_1_73' title='bbox 297 1560 435 1638; x_wconf 82' lang='lat' dir='ltr'><strong>trahitur,</strong></span> <span class='ocrx_word' id='word_1_74' title='bbox 459 1572 495 1625; x_wconf 94' lang='lat' dir='ltr'><strong>ut</strong></span> <span class='ocrx_word' id='word_1_75' title='bbox 517 1558 554 1624; x_wconf 90' lang='lat' dir='ltr'><strong>ab</strong></span> <span class='ocrx_word' id='word_1_76' title='bbox 575 1559 728 1636; x_wconf 90' lang='lat' dir='ltr'><strong>alterutro,</strong></span> <span class='ocrx_word' id='word_1_77' title='bbox 754 1563 840 1624; x_wconf 90' lang='lat' dir='ltr'><strong>etiam</strong></span> <span class='ocrx_word' id='word_1_78' title='bbox 863 1559 902 1626; x_wconf 90' lang='lat' dir='ltr'><strong>ad</strong></span> <span class='ocrx_word' id='word_1_79' title='bbox 925 1581 1012 1648; x_wconf 86' lang='lat' dir='ltr'><strong>quern</strong></span> <span class='ocrx_word' id='word_1_80' title='bbox 1035 1560 1109 1626; x_wconf 92' lang='lat' dir='ltr'><strong>nihil</strong></span> <span class='ocrx_word' id='word_1_81' title='bbox 1131 1582 1199 1648; x_wconf 89' lang='lat' dir='ltr'><strong>per·</strong></span> 
     </span>
     <span class='ocr_line' id='line_1_12' title="bbox 296 1675 1199 1764; baseline 0.001 -24"><span class='ocrx_word' id='word_1_82' title='bbox 296 1679 391 1754; x_wconf 86' lang='lat' dir='ltr'><strong>venit,</strong></span> <span class='ocrx_word' id='word_1_83' title='bbox 419 1675 541 1764; x_wconf 89' lang='lat' dir='ltr'><strong>perinde</strong></span> <span class='ocrx_word' id='word_1_84' title='bbox 564 1675 693 1742; x_wconf 86' lang='lat' dir='ltr'><strong>solidum</strong></span> <span class='ocrx_word' id='word_1_85' title='bbox 714 1678 776 1763; x_wconf 91' lang='lat' dir='ltr'><strong>peti</strong></span> <span class='ocrx_word' id='word_1_86' title='bbox 798 1679 911 1763; x_wconf 92' lang='lat' dir='ltr'><strong>possit,</strong></span> <span class='ocrx_word' id='word_1_87' title='bbox 940 1679 1022 1741; x_wconf 86' lang='lat' dir='ltr'><strong>acsi</strong></span> <span class='ocrx_word' id='word_1_88' title='bbox 1047 1689 1199 1764; x_wconf 85' lang='lat' dir='ltr'><strong>tamquam</strong></span> 
     </span>
     <span class='ocr_line' id='line_1_13' title="bbox 296 1784 909 1880; baseline 0 -24"><span class='ocrx_word' id='word_1_89' title='bbox 296 1794 392 1857; x_wconf 85' lang='lat' dir='ltr'><strong>correi</strong></span> <span class='ocrx_word' id='word_1_90' title='bbox 413 1790 573 1877; x_wconf 85' lang='lat' dir='ltr'><strong>fidejussor</strong></span> <span class='ocrx_word' id='word_1_91' title='bbox 595 1791 744 1880; x_wconf 88' lang='lat' dir='ltr'><strong>obligatus</strong></span> <span class='ocrx_word' id='word_1_92' title='bbox 767 1784 909 1874; x_wconf 78' lang='lat' dir='ltr'><strong>csset²&#39;).s</strong></span> 
     </span>
    </p>

    <p class='ocr_par' dir='ltr' id='par_1_3' title="bbox 184 1907 1199 2554">
     <span class='ocr_line' id='line_1_14' title="bbox 250 1907 1199 1996; baseline 0 -23"><span class='ocrx_word' id='word_1_93' title='bbox 250 1908 295 1973; x_wconf 89' lang='lat' dir='ltr'><strong>ltn</strong></span> <span class='ocrx_word' id='word_1_94' title='bbox 309 1910 487 1995; x_wconf 89' lang='lat' dir='ltr'><strong>scriptorum</strong></span> <span class='ocrx_word' id='word_1_95' title='bbox 504 1907 540 1972; x_wconf 89' lang='lat' dir='ltr'><strong>da</strong></span> <span class='ocrx_word' id='word_1_96' title='bbox 554 1912 729 1996; x_wconf 87' lang='lat' dir='ltr'><strong>quaestione</strong></span> <span class='ocrx_word' id='word_1_97' title='bbox 751 1920 856 1974; x_wconf 87' lang='lat' dir='ltr'><strong>nostra</strong></span> <span class='ocrx_word' id='word_1_98' title='bbox 877 1909 1107 1996; x_wconf 88' lang='lat' dir='ltr'><strong>praecipuorum</strong></span> <span class='ocrx_word' id='word_1_99' title='bbox 1131 1929 1199 1974; x_wconf 90' lang='lat' dir='ltr'><strong>sen·</strong></span> 
     </span>
     <span class='ocr_line' id='line_1_15' title="bbox 184 2023 1199 2112; baseline -0.002 -22"><span class='ocrx_word' id='word_1_100' title='bbox 184 2026 292 2090; x_wconf 80' lang='lat' dir='ltr'><strong>tentiae</strong></span> <span class='ocrx_word' id='word_1_101' title='bbox 315 2023 428 2111; x_wconf 82' lang='lat' dir='ltr'><strong>collegi,</strong></span> <span class='ocrx_word' id='word_1_102' title='bbox 453 2045 528 2111; x_wconf 90' lang='lat' dir='ltr'><strong>quae</strong></span> <span class='ocrx_word' id='word_1_103' title='bbox 550 2037 648 2089; x_wconf 84' lang='lat' dir='ltr'><strong>autern</strong></span> <span class='ocrx_word' id='word_1_104' title='bbox 671 2025 792 2112; x_wconf 87' lang='lat' dir='ltr'><strong>reliquis</strong></span> <span class='ocrx_word' id='word_1_105' title='bbox 816 2027 1001 2112; x_wconf 83' lang='lat' dir='ltr'><strong>maximeque</strong></span> <span class='ocrx_word' id='word_1_106' title='bbox 1023 2026 1199 2112; x_wconf 89' lang='lat' dir='ltr'><strong>posteriori·</strong></span> 
     </span>
     <span class='ocr_line' id='line_1_16' title="bbox 184 2138 1198 2228; baseline 0.001 -23"><span class='ocrx_word' id='word_1_107' title='bbox 184 2138 242 2205; x_wconf 89' lang='lat' dir='ltr'><strong>bus</strong></span> <span class='ocrx_word' id='word_1_108' title='bbox 257 2140 440 2228; x_wconf 89' lang='lat' dir='ltr'><strong>placuerunt,</strong></span> <span class='ocrx_word' id='word_1_109' title='bbox 465 2140 546 2227; x_wconf 90' lang='lat' dir='ltr'><strong>apud</strong></span> <span class='ocrx_word' id='word_1_110' title='bbox 565 2139 772 2206; x_wconf 90' lang='lat' dir='ltr'><strong>Girtannerum</strong></span> <span class='ocrx_word' id='word_1_111' title='bbox 789 2142 995 2227; x_wconf 88' lang='lat' dir='ltr'><strong>inspiciantur,</strong></span> <span class='ocrx_word' id='word_1_112' title='bbox 1019 2161 1198 2228; x_wconf 89' lang='lat' dir='ltr'><strong>quamquam</strong></span> 
     </span>
     <span class='ocr_line' id='line_1_17' title="bbox 185 2249 1198 2344; baseline 0.001 -24"><span class='ocrx_word' id='word_1_113' title='bbox 185 2276 261 2343; x_wconf 86' lang='lat' dir='ltr'><strong>quae</strong></span> <span class='ocrx_word' id='word_1_114' title='bbox 287 2255 325 2320; x_wconf 91' lang='lat' dir='ltr'><strong>de</strong></span> <span class='ocrx_word' id='word_1_115' title='bbox 351 2255 633 2334; x_wconf 88' lang='lat' dir='ltr'><strong>Muehlenbrnehio,</strong></span> <span class='ocrx_word' id='word_1_116' title='bbox 664 2257 870 2344; x_wconf 88' lang='lat' dir='ltr'><strong>Vangerovio,</strong></span> <span class='ocrx_word' id='word_1_117' title='bbox 899 2256 1015 2322; x_wconf 90' lang='lat' dir='ltr'><strong>Puehta</strong></span> <span class='ocrx_word' id='word_1_118' title='bbox 1046 2249 1198 2338; x_wconf 79' lang='lat' dir='ltr'><strong>retulit¹⁸),</strong></span> 
     </span>
     <span class='ocr_line' id='line_1_18' title="bbox 186 2363 1197 2462; baseline 0 -26"><span class='ocrx_word' id='word_1_119' title='bbox 186 2384 270 2438; x_wconf 87' lang='lat' dir='ltr'><strong>caute</strong></span> <span class='ocrx_word' id='word_1_120' title='bbox 286 2372 459 2460; x_wconf 85' lang='lat' dir='ltr'><strong>excipienda</strong></span> <span class='ocrx_word' id='word_1_121' title='bbox 473 2385 553 2438; x_wconf 90' lang='lat' dir='ltr'><strong>sunt.</strong></span> <span class='ocrx_word' id='word_1_122' title='bbox 579 2374 705 2462; x_wconf 87' lang='lat' dir='ltr'><strong>Insuper</strong></span> <span class='ocrx_word' id='word_1_123' title='bbox 720 2385 818 2438; x_wconf 89' lang='lat' dir='ltr'><strong>autern</strong></span> <span class='ocrx_word' id='word_1_124' title='bbox 828 2363 962 2453; x_wconf 75' lang='lat' dir='ltr'><strong>liebii¹⁹l</strong></span> <span class='ocrx_word' id='word_1_125' title='bbox 979 2384 1008 2436; x_wconf 91' lang='lat' dir='ltr'><strong>et</strong></span> <span class='ocrx_word' id='word_1_126' title='bbox 1020 2365 1197 2460; x_wconf 80' lang='lat' dir='ltr'><strong>Savignii²⁰)</strong></span> 
     </span>
     <span class='ocr_line' id='line_1_19' title="bbox 184 2488 379 2554; baseline 0.005 -2"><span class='ocrx_word' id='word_1_127' title='bbox 184 2490 294 2554; x_wconf 88' lang='lat' dir='ltr'><strong>mentio</strong></span> <span class='ocrx_word' id='word_1_128' title='bbox 318 2488 379 2554; x_wconf 88' lang='lat' dir='ltr'><strong>fiat.</strong></span> 
     </span>
    </p>

    <p class='ocr_par' dir='ltr' id='par_1_4' title="bbox 183 2603 1198 3270">
     <span class='ocr_line' id='line_1_20' title="bbox 252 2603 1198 2695; baseline 0 -25"><span class='ocrx_word' id='word_1_129' title='bbox 252 2603 387 2693; x_wconf 85' lang='lat' dir='ltr'><strong>Savigny</strong></span> <span class='ocrx_word' id='word_1_130' title='bbox 409 2607 469 2671; x_wconf 86' lang='lat' dir='ltr'><strong>vim</strong></span> <span class='ocrx_word' id='word_1_131' title='bbox 492 2617 581 2694; x_wconf 90' lang='lat' dir='ltr'><strong>atque</strong></span> <span class='ocrx_word' id='word_1_132' title='bbox 603 2605 733 2673; x_wconf 88' lang='lat' dir='ltr'><strong>indolem</strong></span> <span class='ocrx_word' id='word_1_133' title='bbox 757 2605 947 2695; x_wconf 85' lang='lat' dir='ltr'><strong>obligationis</strong></span> <span class='ocrx_word' id='word_1_134' title='bbox 971 2605 1109 2672; x_wconf 87' lang='lat' dir='ltr'><strong>correalis</strong></span> <span class='ocrx_word' id='word_1_135' title='bbox 1137 2617 1198 2670; x_wconf 70' lang='lat' dir='ltr'><strong>um</strong></span> 
     </span>
     <span class='ocr_line' id='line_1_21' title="bbox 184 2718 1198 2810; baseline 0.003 -27"><span class='ocrx_word' id='word_1_136' title='bbox 184 2718 280 2784; x_wconf 89' lang='lat' dir='ltr'><strong>lucide</strong></span> <span class='ocrx_word' id='word_1_137' title='bbox 295 2731 325 2783; x_wconf 87' lang='lat' dir='ltr'><strong>et</strong></span> <span class='ocrx_word' id='word_1_138' title='bbox 339 2719 487 2807; x_wconf 86' lang='lat' dir='ltr'><strong>eleganter</strong></span> <span class='ocrx_word' id='word_1_139' title='bbox 500 2721 668 2808; x_wconf 86' lang='lat' dir='ltr'><strong>explicavit,</strong></span> <span class='ocrx_word' id='word_1_140' title='bbox 691 2725 770 2786; x_wconf 88' lang='lat' dir='ltr'><strong>utin</strong></span> <span class='ocrx_word' id='word_1_141' title='bbox 792 2745 826 2786; x_wconf 88' lang='lat' dir='ltr'><strong>ea</strong></span> <span class='ocrx_word' id='word_1_142' title='bbox 841 2721 1033 2788; x_wconf 89' lang='lat' dir='ltr'><strong>describenda</strong></span> <span class='ocrx_word' id='word_1_143' title='bbox 1050 2744 1081 2787; x_wconf 91' lang='lat' dir='ltr'><strong>se</strong></span> <span class='ocrx_word' id='word_1_144' title='bbox 1099 2725 1198 2810; x_wconf 88' lang='lat' dir='ltr'><strong>ipsum</strong></span> 
     </span>
     <span class='ocr_line' id='line_1_22' title="bbox 183 2833 1197 2924; baseline 0.002 -26"><span class='ocrx_word' id='word_1_145' title='bbox 183 2834 282 2898; x_wconf 89' lang='lat' dir='ltr'><strong>solnm</strong></span> <span class='ocrx_word' id='word_1_146' title='bbox 297 2855 436 2921; x_wconf 86' lang='lat' dir='ltr'><strong>superare</strong></span> <span class='ocrx_word' id='word_1_147' title='bbox 455 2837 596 2922; x_wconf 90' lang='lat' dir='ltr'><strong>potuerit.</strong></span> <span class='ocrx_word' id='word_1_148' title='bbox 619 2833 659 2898; x_wconf 87' lang='lat' dir='ltr'><strong>Et</strong></span> <span class='ocrx_word' id='word_1_149' title='bbox 673 2857 851 2922; x_wconf 88' lang='lat' dir='ltr'><strong>quamquam</strong></span> <span class='ocrx_word' id='word_1_150' title='bbox 868 2835 988 2901; x_wconf 91' lang='lat' dir='ltr'><strong>duobus</strong></span> <span class='ocrx_word' id='word_1_151' title='bbox 1005 2836 1197 2924; x_wconf 88' lang='lat' dir='ltr'><strong>promittendi</strong></span> 
     </span>
     <span class='ocr_line' id='line_1_23' title="bbox 184 2948 1198 3038; baseline 0.001 -25"><span class='ocrx_word' id='word_1_152' title='bbox 184 2950 243 3013; x_wconf 90' lang='lat' dir='ltr'><strong>reis</strong></span> <span class='ocrx_word' id='word_1_153' title='bbox 258 2949 403 3013; x_wconf 85' lang='lat' dir='ltr'><strong>actionem</strong></span> <span class='ocrx_word' id='word_1_154' title='bbox 421 2948 551 3014; x_wconf 89' lang='lat' dir='ltr'><strong>mandati</strong></span> <span class='ocrx_word' id='word_1_155' title='bbox 566 2952 719 3026; x_wconf 89' lang='lat' dir='ltr'><strong>concessit,</strong></span> <span class='ocrx_word' id='word_1_156' title='bbox 742 2963 841 3015; x_wconf 89' lang='lat' dir='ltr'><strong>tamen</strong></span> <span class='ocrx_word' id='word_1_157' title='bbox 858 2951 948 3038; x_wconf 87' lang='lat' dir='ltr'><strong>longe</strong></span> <span class='ocrx_word' id='word_1_158' title='bbox 962 2950 1056 3027; x_wconf 91' lang='lat' dir='ltr'><strong>abest,</strong></span> <span class='ocrx_word' id='word_1_159' title='bbox 1079 2963 1114 3016; x_wconf 92' lang='lat' dir='ltr'><strong>ut</strong></span> <span class='ocrx_word' id='word_1_160' title='bbox 1128 2973 1198 3015; x_wconf 88' lang='lat' dir='ltr'><strong>ean·</strong></span> 
     </span>
     <span class='ocr_line' id='line_1_24' title="bbox 185 3062 1197 3151; baseline 0.003 -22"><span class='ocrx_word' id='word_1_161' title='bbox 185 3063 251 3131; x_wconf 88' lang='lat' dir='ltr'><strong>dem</strong></span> <span class='ocrx_word' id='word_1_162' title='bbox 273 3067 310 3128; x_wconf 87' lang='lat' dir='ltr'><strong>iis</strong></span> <span class='ocrx_word' id='word_1_163' title='bbox 326 3062 366 3129; x_wconf 95' lang='lat' dir='ltr'><strong>ob</strong></span> <span class='ocrx_word' id='word_1_164' title='bbox 381 3075 514 3129; x_wconf 88' lang='lat' dir='ltr'><strong>mutuam</strong></span> <span class='ocrx_word' id='word_1_165' title='bbox 530 3085 632 3129; x_wconf 90' lang='lat' dir='ltr'><strong>eorum</strong></span> <span class='ocrx_word' id='word_1_166' title='bbox 654 3064 875 3151; x_wconf 88' lang='lat' dir='ltr'><strong>fidejussionem</strong></span> <span class='ocrx_word' id='word_1_167' title='bbox 892 3066 937 3130; x_wconf 84' lang='lat' dir='ltr'><strong>vel</strong></span> <span class='ocrx_word' id='word_1_168' title='bbox 959 3068 1197 3132; x_wconf 88' lang='lat' dir='ltr'><strong>intercessionem</strong></span> 
     </span>
     <span class='ocr_line' id='line_1_25' title="bbox 186 3179 1198 3270; baseline 0.002 -25"><span class='ocrx_word' id='word_1_169' title='bbox 186 3201 222 3247; x_wconf 93' lang='lat' dir='ltr'><strong>eo</strong></span> <span class='ocrx_word' id='word_1_170' title='bbox 244 3200 350 3256; x_wconf 89' lang='lat' dir='ltr'><strong>seusu,</strong></span> <span class='ocrx_word' id='word_1_171' title='bbox 375 3201 435 3266; x_wconf 89' lang='lat' dir='ltr'><strong>quo</strong></span> <span class='ocrx_word' id='word_1_172' title='bbox 459 3202 522 3246; x_wconf 88' lang='lat' dir='ltr'><strong>earn</strong></span> <span class='ocrx_word' id='word_1_173' title='bbox 544 3179 693 3246; x_wconf 90' lang='lat' dir='ltr'><strong>Martinus</strong></span> <span class='ocrx_word' id='word_1_174' title='bbox 716 3181 839 3268; x_wconf 85' lang='lat' dir='ltr'><strong>ejusque</strong></span> <span class='ocrx_word' id='word_1_175' title='bbox 862 3192 1056 3248; x_wconf 84' lang='lat' dir='ltr'><strong>assectatores</strong></span> <span class='ocrx_word' id='word_1_176' title='bbox 1078 3202 1198 3270; x_wconf 89' lang='lat' dir='ltr'><strong>accepe-</strong></span> 
     </span>
    </p>
   </div>
   <div class='ocr_carea' id='block_1_3' title="bbox 182 3336 1196 4174">
    <p class='ocr_par' dir='ltr' id='par_1_5' title="bbox 182 3336 1196 4174">
     <span class='ocr_line' id='line_1_26' title="bbox 238 3336 1196 3410; baseline 0.003 -19"><span class='ocrx_word' id='word_1_177' title='bbox 238 3337 271 3406; x_wconf 58' lang='grc' dir='ltr'><strong>1θ)</strong></span> <span class='ocrx_word' id='word_1_178' title='bbox 296 3337 368 3401; x_wconf 80' lang='lat' dir='ltr'><strong>Quod</strong></span> <span class='ocrx_word' id='word_1_179' title='bbox 391 3345 561 3410; x_wconf 82' lang='lat' dir='ltr'><strong>argumentum</strong></span> <span class='ocrx_word' id='word_1_180' title='bbox 584 3336 712 3391; x_wconf 79' lang='lat' dir='ltr'><strong>Gistanner</strong></span> <span class='ocrx_word' id='word_1_181' title='bbox 728 3354 753 3408; x_wconf 93' lang='lat' dir='ltr'><strong>p.</strong></span> <span class='ocrx_word' id='word_1_182' title='bbox 769 3336 828 3392; x_wconf 80' lang='grc'><strong>159.</strong></span> <span class='ocrx_word' id='word_1_183' title='bbox 846 3337 929 3394; x_wconf 86' lang='lat' dir='ltr'><strong>not5</strong></span> <span class='ocrx_word' id='word_1_184' title='bbox 952 3340 1073 3393; x_wconf 91' lang='lat' dir='ltr'><strong>immerito</strong></span> <span class='ocrx_word' id='word_1_185' title='bbox 1098 3338 1196 3394; x_wconf 83' lang='lat' dir='ltr'><strong>deridet.</strong></span> 
     </span>
     <span class='ocr_line' id='line_1_27' title="bbox 183 3433 1196 3508; baseline 0.001 -18"><span class='ocrx_word' id='word_1_186' title='bbox 183 3435 303 3492; x_wconf 65' lang='lat' dir='ltr'><strong>Notiora</strong></span> <span class='ocrx_word' id='word_1_187' title='bbox 315 3433 457 3490; x_wconf 79' lang='lat' dir='ltr'><strong>»formello«</strong></span> <span class='ocrx_word' id='word_1_188' title='bbox 475 3443 500 3489; x_wconf 89' lang='lat' dir='ltr'><strong>et</strong></span> <span class='ocrx_word' id='word_1_189' title='bbox 511 3433 654 3489; x_wconf 78' lang='lat' dir='ltr'><strong>»materielle</strong></span> <span class='ocrx_word' id='word_1_190' title='bbox 666 3435 855 3502; x_wconf 80' lang='lat' dir='ltr'><strong>intercession«,</strong></span> <span class='ocrx_word' id='word_1_191' title='bbox 874 3439 985 3508; x_wconf 74' lang='lat' dir='ltr'><strong>pramvis</strong></span> <span class='ocrx_word' id='word_1_192' title='bbox 999 3437 1104 3492; x_wconf 84' lang='lat' dir='ltr'><strong>delinitio</strong></span> <span class='ocrx_word' id='word_1_193' title='bbox 1122 3438 1196 3492; x_wconf 88' lang='lat' dir='ltr'><strong>inter·</strong></span> 
     </span>
     <span class='ocr_line' id='line_1_28' title="bbox 184 3531 1196 3608; baseline 0.001 -21"><span class='ocrx_word' id='word_1_194' title='bbox 184 3535 299 3588; x_wconf 86' lang='lat' dir='ltr'><strong>cessionis</strong></span> <span class='ocrx_word' id='word_1_195' title='bbox 317 3532 434 3608; x_wconf 88' lang='lat' dir='ltr'><strong>generalis</strong></span> <span class='ocrx_word' id='word_1_196' title='bbox 458 3531 641 3588; x_wconf 85' lang='lat' dir='ltr'><strong>·Uebernahme</strong></span> <span class='ocrx_word' id='word_1_197' title='bbox 658 3533 723 3586; x_wconf 91' lang='lat' dir='ltr'><strong>einer</strong></span> <span class='ocrx_word' id='word_1_198' title='bbox 744 3533 854 3588; x_wconf 85' lang='lat' dir='ltr'><strong>fremden</strong></span> <span class='ocrx_word' id='word_1_199' title='bbox 872 3533 981 3590; x_wconf 81' lang='lat' dir='ltr'><strong>Schuld«</strong></span> <span class='ocrx_word' id='word_1_200' title='bbox 999 3536 1103 3605; x_wconf 85' lang='lat' dir='ltr'><strong>(Pucbta</strong></span> <span class='ocrx_word' id='word_1_201' title='bbox 1120 3533 1196 3590; x_wconf 85' lang='lat' dir='ltr'><strong>Pand.</strong></span> 
     </span>
     <span class='ocr_line' id='line_1_29' title="bbox 184 3627 1196 3704; baseline 0 -18"><span class='ocrx_word' id='word_1_202' title='bbox 184 3627 275 3702; x_wconf 66' lang='lat'>5403)</span> <span class='ocrx_word' id='word_1_203' title='bbox 288 3632 356 3702; x_wconf 80' lang='lat' dir='ltr'><strong>juste</strong></span> <span class='ocrx_word' id='word_1_204' title='bbox 374 3639 530 3704; x_wconf 86' lang='lat' dir='ltr'><strong>proponatur,</strong></span> <span class='ocrx_word' id='word_1_205' title='bbox 548 3633 573 3684; x_wconf 91' lang='lat' dir='ltr'><strong>in</strong></span> <span class='ocrx_word' id='word_1_206' title='bbox 591 3631 803 3685; x_wconf 84' lang='lat' dir='ltr'><strong>intercessionibus</strong></span> <span class='ocrx_word' id='word_1_207' title='bbox 815 3631 945 3686; x_wconf 89' lang='lat' dir='ltr'><strong>mulierum</strong></span> <span class='ocrx_word' id='word_1_208' title='bbox 960 3632 1088 3687; x_wconf 77' lang='lat' dir='ltr'><strong>dumtaxat</strong></span> <span class='ocrx_word' id='word_1_209' title='bbox 1105 3634 1196 3704; x_wconf 89' lang='lat' dir='ltr'><strong>species</strong></span> 
     </span>
     <span class='ocr_line' id='line_1_30' title="bbox 183 3727 1196 3796; baseline 0.001 -14"><span class='ocrx_word' id='word_1_210' title='bbox 183 3730 362 3784; x_wconf 87' lang='lat' dir='ltr'><strong>intercessionis</strong></span> <span class='ocrx_word' id='word_1_211' title='bbox 392 3738 462 3796; x_wconf 87' lang='lat' dir='ltr'><strong>sunt,</strong></span> <span class='ocrx_word' id='word_1_212' title='bbox 490 3727 628 3783; x_wconf 86' lang='lat' dir='ltr'><strong>nullatenus</strong></span> <span class='ocrx_word' id='word_1_213' title='bbox 654 3737 735 3783; x_wconf 88' lang='lat' dir='ltr'><strong>autem</strong></span> <span class='ocrx_word' id='word_1_214' title='bbox 766 3729 795 3782; x_wconf 92' lang='lat' dir='ltr'><strong>ad</strong></span> <span class='ocrx_word' id='word_1_215' title='bbox 823 3729 987 3786; x_wconf 86' lang='lat' dir='ltr'><strong>masculorum</strong></span> <span class='ocrx_word' id='word_1_216' title='bbox 1014 3731 1196 3786; x_wconf 87' lang='lat' dir='ltr'><strong>intercessiones</strong></span> 
     </span>
     <span class='ocr_line' id='line_1_31' title="bbox 182 3827 309 3898; baseline 0 -18"><span class='ocrx_word' id='word_1_217' title='bbox 182 3827 309 3898; x_wconf 85' lang='lat' dir='ltr'><strong>pertinent.</strong></span> 
     </span>
     <span class='ocr_line' id='line_1_32' title="bbox 238 3923 991 3996; baseline 0.003 -18"><span class='ocrx_word' id='word_1_218' title='bbox 238 3924 271 3992; x_wconf 76' lang='grc' dir='ltr'><strong>Π)</strong></span> <span class='ocrx_word' id='word_1_219' title='bbox 295 3924 360 3979; x_wconf 89' lang='lat' dir='ltr'><strong>Vide</strong></span> <span class='ocrx_word' id='word_1_220' title='bbox 376 3924 439 3978; x_wconf 85' lang='lat' dir='ltr'><strong>inira</strong></span> <span class='ocrx_word' id='word_1_221' title='bbox 457 3923 527 3995; x_wconf 67' lang='lat'><strong>534.</strong></span> <span class='ocrx_word' id='word_1_222' title='bbox 555 3955 590 3966; x_wconf 87' lang='lat'>-</span> <span class='ocrx_word' id='word_1_223' title='bbox 618 3925 650 3992; x_wconf 73' lang='lat'><strong>¹⁸)</strong></span> <span class='ocrx_word' id='word_1_224' title='bbox 675 3924 802 3978; x_wconf 82' lang='lat' dir='ltr'><strong>Girtanner</strong></span> <span class='ocrx_word' id='word_1_225' title='bbox 819 3942 843 3996; x_wconf 93' lang='lat' dir='ltr'><strong>p.</strong></span> <span class='ocrx_word' id='word_1_226' title='bbox 858 3925 917 3981; x_wconf 90' lang='grc'><strong>161.</strong></span> <span class='ocrx_word' id='word_1_227' title='bbox 933 3925 991 3981; x_wconf 84' lang='grc'><strong>162.</strong></span> 
     </span>
     <span class='ocr_line' id='line_1_33' title="bbox 239 4019 1070 4095; baseline 0.006 -23"><span class='ocrx_word' id='word_1_228' title='bbox 239 4019 271 4090; x_wconf 75' lang='lat'><strong>¹⁰)</strong></span> <span class='ocrx_word' id='word_1_229' title='bbox 294 4021 367 4075; x_wconf 82' lang='lat' dir='ltr'><strong>biche</strong></span> <span class='ocrx_word' id='word_1_230' title='bbox 384 4020 429 4074; x_wconf 87' lang='lat' dir='ltr'><strong>ll.</strong></span> <span class='ocrx_word' id='word_1_231' title='bbox 449 4021 546 4093; x_wconf 73' lang='lat' dir='ltr'><strong>part.</strong></span> <span class='ocrx_word' id='word_1_232' title='bbox 575 4052 609 4064; x_wconf 91' lang='lat'>-</span> <span class='ocrx_word' id='word_1_233' title='bbox 635 4021 669 4090; x_wconf 69' lang='lat'><strong>²⁰)</strong></span> <span class='ocrx_word' id='word_1_234' title='bbox 693 4021 802 4095; x_wconf 78' lang='lat' dir='ltr'><strong>savigny</strong></span> <span class='ocrx_word' id='word_1_235' title='bbox 821 4021 874 4077; x_wconf 91' lang='lat' dir='ltr'><strong>0bl.</strong></span> <span class='ocrx_word' id='word_1_236' title='bbox 887 4024 917 4077; x_wconf 88' lang='lat' dir='ltr'><strong>R.</strong></span> <span class='ocrx_word' id='word_1_237' title='bbox 936 4022 952 4076; x_wconf 93' lang='lat' dir='ltr'><strong>l.</strong></span> <span class='ocrx_word' id='word_1_238' title='bbox 965 4021 981 4076; x_wconf 91' lang='grc'><strong>1.</strong></span> <span class='ocrx_word' id='word_1_239' title='bbox 1001 4021 1070 4092; x_wconf 70' lang='lat'><strong>522.</strong></span> 
     </span>
     <span class='ocr_line' id='line_1_34' title="bbox 983 4119 1020 4174; baseline 0 -26"><span class='ocrx_word' id='word_1_240' title='bbox 983 4119 1020 4174; x_wconf 67' lang='grc'><strong>71</strong></span> 
     </span>
    </p>
   </div>
   <div class='ocr_carea' id='block_1_4' title="bbox 0 0 1473 4554">
    <p class='ocr_par' dir='ltr' id='par_1_6' title="bbox 0 0 1473 4554">
     <span class='ocr_line' id='line_1_35' title="bbox 0 0 1473 4554; baseline 0 0"><span class='ocrx_word' id='word_1_241' title='bbox 0 0 1473 4554; x_wconf 95' lang='lat' dir='ltr'><strong> </strong></span> 
     </span>
    </p>
   </div>
  </div>
 </body>
</html>
