2952 4556
549 933 680 1018 PARS
707 933 955 1020 SECUNDA.

291 1081 349 1153 De
377 1084 574 1154 sententiis
601 1085 770 1178 opinioni
796 1085 978 1156 communi
1004 1087 1217 1156 contrariis.

709 1369 795 1456 §m
888 1349 891 1360 '

279 1505 527 1571 Introductio.
557 1545 591 1553 -
622 1505 671 1570 De
695 1518 829 1571 natura
852 1518 886 1571 et
907 1507 1040 1572 indole
1062 1520 1224 1584 mutuae,

456 1643 561 1710 quam
586 1635 740 1698 vocant,
768 1618 1047 1708 fidejussionis.

313 1781 481 1858 Sententiis,
507 1780 616 1868 quibus
641 1781 677 1846 de
700 1781 749 1845 bic
771 1783 877 1868 agitur,
902 1780 1015 1868 duplex
1037 1780 1259 1848 fundamentum

245 1919 398 1961 commune
422 1909 482 1960 est:
504 1895 721 1982 Interpretotio
737 1896 895 1962 Prooemii
913 1895 1063 1976 Novellae,
1089 1920 1148 1986 qua
1171 1900 1260 1964 bene·

238 2013 351 2102 ficium
375 2012 561 2076 excussionis
583 2011 742 2086 derivatur,
767 2025 855 2099 etque
878 2022 986 2076 mutuo
1002 2013 1176 2104 fidejussio.
1215 2014 1259 2080 De

244 2126 294 2190 illa
317 2121 409 2208 alio¹)
433 2127 498 2190 loco
521 2129 713 2213 inquiremus,
738 2126 786 2190 hic
809 2140 915 2201 autem,
940 2132 1115 2216 priusquam
1139 2130 1175 2194 ad
1199 2133 1259 2194 sin·

244 2242 329 2328 gulas
359 2245 514 2328 opiniones
542 2243 790 2328 transgredimur,
820 2265 889 2308 vera
917 2243 1032 2311 indoles
1060 2246 1258 2332 fidejussionis

243 2369 364 2421 mutuae
387 2356 474 2421 nobis
499 2356 673 2422 illustranda
697 2371 751 2422 est.

314 2471 477 2558 Opinionis
500 2474 668 2538 communis
691 2475 828 2540 doctores
851 2478 1052 2562 quaestionem
1080 2477 1177 2541 solent
1199 2490 1259 2541 tra-

246 2601 332 2664 ctare,
357 2609 394 2651 an
419 2589 519 2652 correi
541 2589 670 2653 invicem
692 2591 825 2654 intereo
841 2591 1045 2680 fidejubeant,
1070 2614 1145 2680 quae
1168 2614 1259 2680 quae·

244 2707 302 2768 stio
325 2716 424 2768 tamen
447 2703 654 2768 confundenda
682 2727 743 2768 non
772 2718 817 2770 est
839 2729 903 2771 cum
934 2721 1035 2772 mutua
1058 2711 1116 2772 ista
1138 2708 1259 2794 fidejus-

244 2823 327 2884 sione
351 2820 604 2897 adversariorum,
635 2823 774 2907 quoniam
797 2821 847 2885 illa
870 2835 930 2886 tam
954 2822 991 2886 ed
1015 2826 1157 2888 internam
1183 2823 1259 2888 obli·

242 2937 371 3024 gationis
396 2937 532 3002 correalis
556 2935 694 3013 indolem,
720 2959 807 3024 quam
831 2937 867 3002 ad
884 2937 1017 3003 ellectum
1035 2941 1158 3004 actionis
1176 2961 1259 3003 man-

244 3051 304 3116 dati
328 3055 436 3117 corrsis
459 3055 537 3117 inter
566 3075 597 3116 se
627 3053 830 3118 concedendae
859 3057 993 3141 respicit,
1028 3067 1130 3118 mutua
1160 3068 1257 3120 autem

243 3168 314 3231 haec
336 3167 488 3253 fidejussio
513 3169 695 3231 extrinsecus
722 3168 760 3231 ad
784 3168 980 3257 obligationes
1005 3171 1076 3234 alias
1100 3169 1259 3236 adhibetur

243 3294 273 3345 et
295 3281 332 3345 ad
355 3280 527 3346 beneficium
552 3285 736 3346 excussionis
763 3288 900 3369 pertinet.

312 3397 414 3476 Quaen
430 3396 664 3486 fidejussionem
688 3400 929 3485 contemplaturis
952 3400 1040 3466 nobis
1064 3401 1101 3466 ab
1128 3402 1257 3468 Halonn-

243 3503 330 3593 dro³)
364 3513 480 3575 initium
514 3509 678 3576 laciendum
714 3527 772 3590 cst,
809 3519 859 3601 qui
889 3537 952 3580 enm
981 3515 1018 3580 ad
1047 3517 1258 3606 obligationem

242 3627 432 3716 principalem
457 3629 651 3692 communiter
674 3651 690 3691 a
713 3629 941 3716 fidejussoribus
964 3637 1075 3700 mutuis
1099 3657 1155 3721 pro
1173 3647 1257 3722 parte

246 3743 291 3809 vel
314 3745 344 3808 in
368 3741 495 3808 solidum
520 3755 698 3810 contractam
724 3747 891 3834 applicavit.

245 3901 456 3912 ——u—

297 3986 318 4056 1)
341 3987 404 4042 vus
423 3987 493 4060 §an
521 4019 555 4029 -
582 3988 604 4060 2)
628 3987 677 4044 ce.
697 3988 748 4060 51.
762 3990 787 4045 2.
818 4021 851 4031 -
879 3991 902 4062 ³)
926 3991 976 4048 cu.
996 3991 1050 4064 53.
