2936 4554
665 299 820 400 *sn—

233 481 402 547 Pronomen
429 481 632 566 respicientem
663 476 765 557 faeiat,
797 479 1020 554 Nominativum
1049 479 1096 566 (ὅς
1122 479 1248 562 πολλὰς

234 591 464 680 ἔχων-ἔδοξε)
494 589 668 683 postulat⁸).
722 595 894 686 Eodemque
923 599 1104 664 Pronomine
1133 623 1246 688 suppo·

233 716 291 778 sito
315 725 345 777 et
366 725 433 778 ante
447 710 639 801 Partieipinm
663 712 806 778 collocato
823 713 993 779 Haloander
1015 728 1167 781 assecutus
1191 730 1244 795 est,

233 841 268 897 ut
288 828 481 916 Partieipinm
508 851 563 916 per
590 828 768 894 Particulam
798 831 1024 896 adversativam
1051 837 1187 897 ’tametsi
1212 882 1244 897 ..

232 945 456 1034 eomplectitur‹
479 957 590 1010 vertere
612 939 786 1034 potuerit⁹).
825 945 1007 1012 Pronomine
1031 949 1107 1012 enirn
1131 971 1166 1013 eo
1189 949 1247 1014 loei

231 1083 294 1126 non
316 1064 427 1128 inserto
443 1061 607 1149 Imperator
629 1065 724 1149 ipsam
746 1060 839 1148 legem
863 1058 953 1146 (Nor.
969 1057 1004 1145 4)
1028 1075 1058 1128 et
1079 1063 1245 1143 utilitatem,

230 1198 321 1266 ¹qnam
354 1177 427 1242 haee
459 1176 509 1242 lex
537 1175 691 1255 habuerit,
726 1180 802 1242 inter
831 1200 863 1242 se
893 1200 1080 1269 nequaquem
1109 1184 1244 1272 opponit.
1405 1229 1412 1238 .

233 1291 307 1376 Quis
330 1296 407 1357 enirn
431 1292 607 1358 contendere
630 1292 733 1369 audet,
761 1293 957 1381 legislatorem
980 1294 1145 1382 praelatum
1168 1319 1247 1362 esse:

232 1407 370 1474 ’Scimus
392 1430 449 1472 nos
472 1408 565 1496 legem
587 1409 700 1483 tulisse,
725 1411 841 1472 tametsi
864 1410 971 1475 multas
994 1423 1024 1476 et
1045 1415 1247 1480 incommune

232 1523 319 1588 utiles
342 1523 540 1611 legislationes
564 1524 811 1612 complectiturei'
834 1529 920 1613 quasi
942 1525 1139 1613 legislatorem
1163 1527 1247 1594 deee-
1343 1535 1348 1543 '

155 1729 157 1735 k
232 1651 292 1716 ret,
319 1638 393 1704 tales
416 1651 532 1704 mutum
554 1639 632 1728 leges
655 1641 854 1728 promulgare,
878 1660 955 1728 quae
978 1639 1094 1706 civibus
1117 1644 1244 1723 inutiles,

233 1758 306 1843 quin
329 1767 359 1821 et
379 1757 561 1843 perniciosae
584 1769 691 1822 essent.
728 1757 894 1823 Immovero
909 1755 1101 1845 Partioipium
1123 1772 1247 1847 propter

232 1870 365 1938 Verbum
387 1870 511 1936 sidiam
530 1893 587 1960 pro
602 1871 787 1952 Praedicato,
812 1885 847 1938 ut
868 1872 925 1937 hae
939 1894 1012 1938 voce
1032 1884 1110 1952 utar,
1134 1874 1246 1940 haben-

233 1986 305 2052 dnm
332 1980 428 2070 esem).
456 2025 492 2036 -
519 1985 601 2070 Quae
629 2010 696 2055 oum
718 1993 760 2055 ita
782 1991 843 2054 sint
864 1987 1034 2055 Haloander
1057 1993 1151 2056 sciens
1174 2013 1246 2079 pru·

233 2102 364 2191 densque
392 2116 507 2169 textum
536 2119 731 2172 commutasse
754 2106 874 2171 videtur
895 2106 1018 2193 ejusque
1040 2109 1245 2194 interpretatio

230 2241 357 2308 prorsus
394 2218 467 2284 salsa
505 2234 560 2286 est.
609 2222 764 2287 Praeterea
797 2235 894 2287 autern
928 2222 1007 2286 idem
1040 2236 1246 2310 argumentum

233 2348 336 2402 eontra
349 2334 553 2402 Haloandrmn
576 2336 673 2403 afferri
694 2351 803 2426 potest,
829 2336 912 2425 quod
926 2338 1027 2425 paullo
1042 2351 1115 2425 post
1128 2339 1244 2404 Asuero

233 2473 429 2540 opponemus.
460 2489 496 2502 -

299 2568 335 2634 de
357 2568 531 2657 Homberglr
553 2591 593 2636 zu
615 2565 735 2653 Vaeh¹¹)
759 2569 850 2636 verba
874 2568 984 2636 Graeca
1007 2572 1049 2634 sie
1070 2568 1217 2635 reddidit:

343 2683 483 2750 »Scimus
505 2707 561 2750 nos
584 2685 697 2773 pridem
722 2685 758 2750 de
779 2685 921 2751 electione
944 2685 1151 2753 mandatorum
1173 2686 1246 2752 fide-

338 2801 494 2885 jussorum
509 2812 539 2866 et
553 2821 734 2887 sponsorum
749 2801 842 2888 legem
857 2801 969 2879 tulisse,
986 2805 1017 2865 in
1033 2824 1092 2889 qua
1103 2803 1195 2867 multa
1206 2839 1241 2852 -

346 2917 458 2979 sancita
480 2927 560 2979 sunt.
597 2914 873 3002 Impraesentiarum
888 2937 959 2983 vero
979 2916 1035 2980 alia
1051 2915 1178 3002 quadam
1194 2939 1245 2982 ex-

342 3030 513 3116 planatione
541 3067 575 3078 -
603 3051 688 3118 egere
709 3029 798 3094 nohis
821 3033 885 3094 visa
909 3041 978 3094 ests

300 3143 333 3210 Si
364 3147 456 3232 accipi
485 3148 597 3230 possit,
620 3145 824 3234 Hombergkio
848 3144 1021 3234 subjeetum
1044 3144 1137 3211 Verbi
1160 3149 1246 3210 »visa

233 3274 297 3328 est·
321 3260 496 3327 electionem
516 3261 722 3328 mandatorum
738 3275 805 3328 oett.
822 3262 913 3329 luisse
930 3257 1003 3346 (non
1018 3265 1113 3350 ipsam
1128 3257 1244 3350 legem),

286 3477 309 3548 8)
333 3479 362 3534 G.
376 3479 488 3534 Curtius:
508 3481 602 3536 Grieeh.
615 3479 816 3554 Schulgrammat.
835 3481 861 3537 2.
873 3481 941 3540 eun.
956 3482 1019 3554 Prag
1033 3479 1109 3538 1855.
1127 3480 1244 3536 Verbem.

232 3596 269 3632 nr.
284 3576 325 3632 12.
344 3577 387 3631 eir.
406 3595 442 3630 nr.
456 3578 481 3632 5.
499 3596 524 3650 p.
539 3577 598 3634 180.
613 3579 671 3633 179.
1120 3611 1122 3617 .

285 3675 308 3744 ⁹)
333 3675 384 3730 Cir·
402 3676 502 3731 Curtius
519 3674 535 3729 1.
548 3675 564 3729 l.
584 3675 671 3746 5582.
684 3675 743 3730 579.
758 3675 818 3732 578.
984 3720 986 3724 .

288 3774 321 3842 ²⁰)
344 3774 376 3830 lt.
388 3773 433 3828 W.
448 3774 571 3846 Krueger,
595 3773 690 3828 edict.
709 3774 865 3845 Spraehlehre
888 3775 905 3830 f.
925 3773 1037 3830 Schulen.
1060 3771 1143 3827 Berlin
1169 3770 1244 3828 1850.

233 3869 304 3940 556,
317 3871 342 3924 7.
361 3871 394 3924 A.
409 3871 422 3924 1
437 3879 462 3924 et
473 3871 498 3924 9.

288 3966 320 4033 ¹²)
345 3965 394 4022 cn.
414 3966 544 4042 corpjur.
558 3969 603 4022 civ.
622 3967 652 4024 ad
669 3969 694 4024 b.
706 3968 771 4024 Nor.
