2936 4554
696 313 857 416 Q

269 499 340 563 tivis
354 493 548 584 Objeetorum
565 495 754 582 eonjuirctum
770 487 968 582 reperitur¹⁶).
995 493 1097 584 ltnque
1113 497 1138 559 si
1153 493 1284 561 Medium

270 635 287 676 a
310 613 477 700 legislatore
505 603 669 677 adhibitum
694 633 757 677 esse
780 623 935 696 putemus,
964 609 1139 697 Subjeetum
1162 611 1200 676 ed
1227 612 1285 676 hoe

269 731 428 815 respiciens
450 727 620 794 Pronomen
648 721 750 793 αὐτὸν
772 749 835 792 esse
859 738 994 814 oportet,
1024 727 1108 816 quod
1130 749 1166 791 eo
1190 730 1283 814 magis
1370 799 1379 818 Ι
1442 713 1443 774 i

269 843 470 932 accipiendum
494 857 548 922 est,
572 866 638 909 eum
661 847 702 908 ite
724 842 870 909 ambobus
887 843 996 910 Verbis
1018 846 1222 931 postpositum
1244 846 1285 908 sit
1382 845 1389 862 ’

270 955 496 1038 (ἀπαιτεῖσθαι
510 995 553 1007 -
568 969 686 1048 χωρεῖν
701 958 738 1024 δὲ
761 954 883 1044 αὐτὸν).
918 959 985 1044 Qun
1002 957 1118 1046 periodi
1133 959 1283 1026 solutione

270 1076 462 1165 comprobate
497 1089 635 1165 apparet,
676 1074 868 1164 quemobrem
905 1077 1068 1164 Imperator
1101 1076 1282 1142 Pronomine

268 1195 313 1258 uti
341 1196 488 1280 potuerit,
517 1193 599 1280 quod
627 1192 825 1270 identitatem,
854 1205 889 1258 ut
917 1195 959 1260 itn
987 1192 1096 1271 dinem,
1127 1192 1280 1281 signitioet.

267 1307 401 1374 Persona
423 1312 516 1388 enim,
541 1330 616 1397 quae
634 1307 807 1395 Subjeetum
832 1307 889 1374 tuit
910 1311 1128 1398 propositionis
1151 1306 1206 1390 (et
1220 1307 1282 1392 reip

268 1447 328 1500 τις
343 1420 567 1511 ἄλληλεγγύως
581 1423 672 1508 κτλ),
689 1423 862 1512 Subjeetum
875 1429 1021 1513 repetitur
1032 1439 1061 1492 et
1072 1429 1166 1512 ipsius
1179 1425 1282 1514 dispo·

268 1543 395 1608 sitionis.
430 1539 462 1608 Si
478 1565 551 1608 vero
567 1546 678 1608 intereo
700 1544 835 1608 ἕκαστον
850 1538 1041 1628 (ὁλόκληρον
1055 1537 1282 1624 ἀπαιτεῖσθαι)

267 1656 440 1745 Subjeetum
464 1657 572 1725 suetum
596 1671 689 1738 esset,
714 1658 867 1746 quomodo
891 1659 1042 1747 legislator
1064 1654 1175 1736 αὐτὸν,
1198 1658 1282 1747 quod

266 1797 369 1841 revera
384 1776 422 1841 ed
438 1777 573 1840 ἕκαστον
586 1778 753 1861 respiceret,
777 1773 904 1840 seribere
922 1778 1080 1863 potuisset,
1105 1797 1166 1864 quo
1182 1778 1281 1864 inepte

266 1895 368 1979 potius
390 1914 447 1979 pro
471 1887 510 1958 »ὅ
524 1890 697 1978 κρεδνιαρι
716 1891 762 1956 vei
785 1885 824 1955 »d
839 1888 984 1971 dvoreiv«
1005 1913 1081 1957 usus
1100 1905 1186 1957 esset.
1214 1891 1279 1957 Jem

266 2029 338 2072 vero
362 2011 506 2074 sententia
528 2020 633 2073 nostra
654 2007 795 2095 adoptata
817 2030 904 2073 nemo
924 2005 1082 2086 dubitabit,
1107 2011 1179 2096 quin
1196 2009 1280 2094 juste

267 2145 355 2188 ceusu
378 2127 404 2190 ei
427 2122 524 2202 suerit,
549 2123 589 2190 ob
605 2145 693 2212 quoru
717 2124 891 2190 creditorem
914 2125 1085 2212 simpliciter
1098 2123 1279 2190 Pronomine

266 2233 408 2319 tuende«
425 2241 574 2306 debitores
589 2253 688 2306 eutem
699 2241 880 2306 Pronomiue
893 2237 1052 2316 »ἐκεῖνοςι
1066 2233 1277 2328 designarit¹').

334 2356 411 2440 Quia
423 2369 520 2422 temen
532 2356 688 2444 hueusque
699 2379 785 2421 uerno
798 2359 921 2435 exstitit,
935 2359 1007 2444 quin
1025 2351 1277 2422 »ἂπαιτεῐσθαιι

265 2494 321 2559 pro
339 2472 465 2537 Pessivo
488 2471 635 2548 habuerit,
660 2475 690 2536 in
708 2470 909 2558 disputatione
926 2476 1062 2561 sequenti
1083 2473 1170 2552 idem,
1195 2474 1277 2561 quod

265 2586 372 2675 reliqui
394 2587 501 2653 volunt
523 2591 693 2676 scriptores,
716 2609 810 2675 genus
831 2587 1007 2668 tenebimus,
1030 2611 1068 2654 ue
1090 2589 1276 2676 probationis

264 2702 488 2769 tundamentum
512 2725 688 2772 concussum
712 2725 775 2770 esse
798 2716 900 2792 putet,
930 2709 981 2793 qui
1009 2704 1086 2772 sorte
1109 2698 1278 2771 »ἀπαιτεῖ-

265 2822 367 2885 σθαιι
390 2820 523 2888 Medium
546 2843 609 2886 esse
633 2843 792 2910 agnoscere
816 2821 900 2886 nolit.

330 2937 376 3002 ΙΙΙ.
422 2936 598 3013 ἐκείνους
643 2936 897 3004 κινδυνεύειν
941 2934 1205 3022 διπληρῶσαι.
1238 2975 1273 2989 -

264 3052 436 3138 Quaeritur,
469 3058 521 3142 qui
544 3055 584 3119 illi
608 3051 764 3119 »ἐκεῖναι
788 3058 856 3119 sint.
902 3053 1086 3132 Heioender,
1116 3066 1276 3142 postquem

262 3173 349 3235 initio
374 3171 465 3236 dixit:
503 3171 564 3235 »Et
592 3169 726 3257 quidem,
757 3173 781 3235 si
810 3174 852 3236 ite
875 3192 905 3235 se
928 3192 975 3235 res
999 3169 1106 3235 hebere
1131 3169 1274 3247 videatur,

264 3298 299 3349 ut
327 3299 357 3352 et
379 3309 483 3350 omues
511 3286 551 3350 ilii
581 3283 725 3350 solvendo
749 3289 810 3366 sint
831 3299 861 3351 et
888 3290 918 3351 in
941 3308 1003 3351 rem
1026 3299 1133 3364 cett.,·
1162 3288 1275 3372 pergit:

264 3401 446 3487 »perieulum
470 3403 605 3488 cuiquem
623 3395 652 3481 (P
667 3401 686 3465 i.
699 3400 818 3489 cuique)
833 3403 951 3468 illorum
967 3405 1154 3478 immineto,«
1177 3405 1219 3466 ite
1240 3412 1276 3464 ut

263 3515 389 3583 sortasse
413 3515 593 3592 »ἔνείνανςι
617 3517 652 3582 de
677 3517 815 3583 omnibus
836 3521 893 3584 reis
909 3517 1042 3583 adhiberi
1057 3539 1125 3583 vere
1141 3518 1274 3594 senserit,

317 3700 349 3768 16)
375 3699 760 3774 cu.rrruegertl.§47,15.
788 3701 853 3772 Pepe
870 3699 915 3754 let.
934 3719 955 3754 s.
970 3719 994 3754 v.
1013 3702 1096 3755 αἰτέω.
1127 3699 1214 3770 Neque
1231 3716 1274 3753 ve-

262 3798 365 3852 rendum
384 3808 429 3865 est,
447 3817 477 3853 ne
496 3799 616 3854 ἀπαιτεῖν
625 3799 649 3851 in
661 3796 742 3852 Medio
755 3798 839 3852 eodem
852 3799 934 3864 modo,
948 3816 998 3869 quo
1013 3801 1103 3864 nimir,
1115 3799 1140 3850 in
1151 3799 1275 3852 notionem

262 3913 380 3968 »rogare«
399 3905 512 3964 transeat,
531 3898 589 3967 quia
607 3895 727 3951 ἀπαιτεῖν
745 3895 969 3952 »zuructfordew
987 3895 1110 3970 signifieat.

317 3993 349 4061 ¹⁷)
372 3995 482 4067 Krueger
499 3994 515 4049 i.
528 3993 544 4048 l.
564 3994 579 4066 ᾗ
592 3995 634 4060 51,
647 3994 671 4047 5.
685 3993 711 4046 7.
