2952 4556
664 305 824 404 js-

238 488 333 574 magis
349 483 387 550 ad
401 483 621 572 fidejussionem
638 448 771 552 mutuam
792 481 939 573 pertinere
955 486 1114 566 videretur,
1139 491 1165 554 si
1180 485 1252 554 etti.

238 598 302 680 iun,
328 601 436 690 quibus
460 605 490 666 in
514 591 690 689 accipiendis
714 600 788 667 illud
812 595 989 689 σύμφωνον
1011 604 1164 692 adjicitur,
1188 609 1252 674 viee

239 731 343 786 mutua
382 717 572 805 fidejussores
609 731 717 784 essent.
776 717 935 802 Quomodo
976 732 1073 786 autem
1103 721 1253 789 Ruecltert

239 833 480 924 dispositionem,
506 856 594 922 quam
617 837 757 913 tentavit,
781 838 998 924 propositionis
1018 837 1131 922 justam
1154 836 1252 904 reddi-

238 1051 264 1089 sc
283 1035 408 1108 obligasse.
434 1035 463 1090 ld
481 1043 652 1109 argumentum
670 1043 750 1090 autem
768 1053 818 1089 non
836 1035 928 1108 probat,
949 1035 1015 1108 quod
1032 1037 1184 1108 probandum
1196 1038 1252 1105 fuit,

238 1135 295 1204 quia
317 1152 368 1187 non
392 1134 503 1198 affertur,
528 1133 709 1206 obligationem,
734 1151 795 1204 quae
818 1136 985 1189 numeratione
1008 1137 1122 1206 pecuniae
1141 1143 1194 1190 orta
1212 1139 1252 1203 sit,

238 1240 307 1304 pacto
320 1232 410 1302 adjecto
428 1233 453 1285 in
465 1229 634 1304 obligationem
652 1229 780 1284 corrcalem
797 1233 894 1296 mutari,
914 1240 938 1285 et
950 1209 1059 1305 savigny
1071 1234 1123 1304 ipse
1136 1207 1252 1307 agnoscit,

239 1328 290 1383 sols
308 1331 473 1384 numeratione
491 1346 533 1399 per
551 1345 577 1381 se
594 1345 638 1382 nec
655 1337 764 1398 tempore
782 1326 894 1393 classico,
912 1346 955 1382 nec
973 1327 1082 1400 tempore
1099 1325 1252 1387 dmtinianco

240 1443 388 1497 quemquam
400 1425 465 1480 ultra
476 1426 509 1490 id,
522 1425 588 1496 quod
601 1425 722 1494 acceperit,
735 1423 842 1497 obligari.
861 1427 987 1481 Praeterea
996 1437 1077 1482 autem
1089 1427 1154 1502 legas
1168 1429 1252 1502 dispu-

239 1530 301 1578 tatas
319 1531 381 1578 recte
398 1525 431 1576 ita
449 1525 642 1594 interpretamur,
660 1530 689 1575 ut
700 1521 834 1592 imperator
851 1524 876 1576 in
887 1524 916 1576 1..
930 1524 946 1577 5
960 1525 986 1580 C.
1001 1525 1039 1578 cit.
1057 1523 1179 1583 Pluralem
1198 1527 1254 1595 (·Si

239 1638 289 1675 non
307 1619 395 1693 singuli
412 1622 437 1674 in
455 1619 560 1674 solidum
579 1627 673 1690 accepta
691 1627 778 1673 mutua
793 1623 927 1690 quantitate
945 1621 983 1676 vel
998 1661 1022 1676 ..
1037 1639 1083 1674 vos
1102 1619 1252 1694 obligastis«)

235 1719 303 1790 juste
322 1718 432 1772 adhibere
449 1718 567 1784 videatur,
586 1718 679 1772 etiamsi
697 1735 763 1771 unus
781 1725 875 1771 tantum
895 1737 953 1772 »rc«
964 1720 990 1772 in
1008 1718 1114 1774 solidum
1133 1699 1255 1793 obligatus

240 1833 293 1870 esse
310 1818 395 1888 possit,
415 1834 471 1870 cum
489 1815 602 1870 alteruter
619 1824 695 1869 totam
714 1817 840 1886 pecuniam
854 1818 970 1888 accepisse
982 1825 1132 1890 proponatur
1150 1826 1173 1871 et
1190 1826 1254 1874 certa

239 1917 314 1970 unius
322 1933 425 1986 persona
433 1933 482 1969 non
492 1913 677 1978 demonstretur,
688 1931 762 1985 quare
775 1915 873 1985 utrique
881 1923 944 1969 recte
957 1915 1077 1968 rescribit:
1091 1915 1184 1970 »sivos
1194 1954 1217 1970 ..
1227 1955 1234 1970 .
1245 1954 1252 1971 .

239 2013 384 2087 obligastis«
410 2012 460 2068 cfr.
473 2013 501 2068 L.
512 2013 529 2067 t
542 2013 569 2068 C.
582 2012 611 2066 dc
624 2012 682 2066 duo.
695 2014 750 2066 reis.
778 2013 807 2065 L.
821 2013 853 2066 17
865 2030 901 2083 pr.
915 2013 944 2068 de
957 2015 1039 2084 pactis.
1064 2013 1141 2068 Aliud
1154 2032 1253 2086 quoquc

239 2112 269 2166 de
286 2114 315 2166 L.
331 2111 363 2166 tt
382 2111 408 2168 0.
427 2112 465 2165 cit.
485 2111 648 2183 accipiendum
666 2118 784 2176 nonest,
808 2111 878 2180 cujus
901 2109 960 2184 legis
982 2130 1082 2166 sensum
1099 2095 1253 2184 perspectum

239 2210 344 2276 babebis,
364 2213 385 2264 si
402 2212 435 2263 ita
454 2211 577 2264 materiam
596 2210 648 2280 ejus
662 2209 822 2280 disposueris:
841 2208 886 2262 »si
897 2225 940 2263 nco
953 2226 979 2262 re
990 2226 1033 2262 nec
1045 2209 1185 2266 solennitate
1197 2229 1252 2266 vcr-

238 2309 327 2363 borum
344 2326 390 2362 vos
408 2307 531 2382 obligastis
550 2310 574 2361 in
594 2306 708 2373 solidum,
727 2307 769 2361 scd
786 2324 841 2360 cum
854 2307 916 2361 Jonc
929 2308 1017 2360 iurem
1029 2325 1184 2363 communem
1196 2327 1253 2363 mu-

238 2415 307 2461 tuam
325 2408 437 2460 sumsisti
454 2409 581 2478 pecuniam
598 2415 622 2461 ct
639 2408 661 2460 si
678 2423 731 2460 eam
743 2414 799 2478 post
810 2406 927 2478 integram
940 2403 1035 2458 solvisti
1046 2403 1109 2458 rell«
1127 2436 1162 2446 —
1181 2407 1253 2472 Quod

238 2513 293 2559 tum
311 2504 341 2558 ad
359 2505 418 2559 1.7
437 2506 475 2558 cit.
493 2507 597 2576 respicit,
616 2506 668 2576 ipse
680 2503 798 2575 Ulpianus
817 2505 852 2572 (in
871 2501 956 2558 eodem
974 2502 1004 2556 ad
1021 2502 1068 2556 lid.
1081 2502 1152 2574 libro)
1166 2505 1196 2558 L.
1211 2505 1252 2560 11.

239 2601 253 2672 5
269 2603 281 2655 1
302 2602 332 2656 de
349 2603 380 2657 tt.
393 2602 419 2657 G.
439 2610 463 2656 ct
474 2601 567 2656 Paulus
579 2603 608 2655 L.
625 2603 657 2656 17
668 2620 705 2673 pr.
718 2603 757 2655 cit
771 2601 879 2674 regulam
893 2617 907 2654 a
919 2599 1091 2672 Ribbentropio
1103 2603 1253 2673 propositam

239 2699 389 2764 confirmant,
408 2701 447 2752 cui
459 2708 483 2754 ct
494 2700 616 2770 Papianns
627 2700 656 2752 L.
670 2699 687 2752 9
700 2716 735 2770 pr.
749 2699 778 2753 de
791 2700 848 2753 duo.
861 2699 909 2751 reis
925 2699 1033 2752 assentit.
1060 2697 1117 2754 ldeo
1135 2717 1253 2772 negamus

240 2797 383 2869 Savignium
393 2796 423 2850 L.
434 2797 450 2850 7
463 2799 502 2850 cit.
514 2798 601 2850 merito
614 2795 759 2850 extendisse.
787 2795 918 2866 Ulpianum
933 2798 997 2850 enim
1009 2804 1107 2867 pactum
1126 2797 1254 2867 adjectum,

242 2910 291 2965 quo
309 2901 396 2946 natura
413 2894 494 2946 mutui
510 2892 623 2946 funditus
641 2898 770 2954 evertatur,
788 2892 813 2944 in
830 2899 910 2945 mente
927 2909 977 2946 non
993 2891 1113 2957 babuisse,
1129 2893 1180 2964 jam
1198 2911 1253 2948 ver·

240 2989 300 3044 bum
318 2991 424 3044 „inseri-
441 2997 465 3042 ct
483 2987 636 3060 exemplum,
657 2985 724 3057 quod
743 2986 935 3056 jurisconsultus
959 2987 1067 3042 adhibuit
1089 2997 1130 3042 »et
1152 2989 1206 3044 ideo
1230 2998 1255 3045 et

241 3088 419 3152 conditiones«,
438 3085 532 3151 docent,
551 3085 618 3156 quod
636 3082 775 3155 exemplum
793 3086 865 3139 ctiam
880 3084 988 3158 Savigoy
1006 3084 1052 3140 alio
1070 3084 1123 3140 loco
1142 3085 1254 3158 (system

241 3184 287 3240 Bt.
301 3186 325 3240 6.
345 3183 434 3256 5268)
458 3184 517 3238 adeo
535 3182 614 3237 valere
631 3201 681 3237 non
698 3186 806 3254 putavit,
830 3191 859 3237 ut
875 3183 1053 3257 fragmentum,
1077 3183 1106 3237 de
1129 3202 1178 3255 quo
1202 3184 1253 3258 egi-

240 3301 311 3350 mus,
336 3284 366 3339 ad
388 3289 485 3354 paetum
509 3297 655 3348 usurarum,
680 3282 747 3352 quod
771 3283 885 3354 pecuniae
907 3290 1007 3337 mutuae
1030 3282 1098 3336 datae
1121 3282 1254 3353 adjiciatur,

240 3381 368 3438 extendere
386 3379 502 3446 voluerit,
525 3378 580 3434 licet
601 3388 699 3451 pactum
721 3379 782 3434 illud
804 3382 907 3436 accessio
930 3388 1026 3436 tantum
1044 3380 1195 3456 oblgttionis
1214 3383 1253 3438 sit.

241 3481 296 3546 Quo
309 3480 366 3551 jure
384 3480 457 3553 igitur
475 3495 614 3551 supremam
632 3479 746 3549 pecuniae
757 3486 896 3534 numeratae
908 3477 985 3552 legem
1005 3479 1035 3535 ob
1053 3479 1113 3534 illud
1131 3479 1254 3554 fragmen·

239 3587 295 3633 tum
312 3577 431 3634 sustulit?
450 3607 484 3617 -
503 3575 668 3641 Quamobrem
685 3594 734 3631 non
747 3585 836 3632 temere
851 3595 936 3650 negare
948 3577 1007 3632 milri
1019 3577 1109 3642 videor,
1129 3578 1196 3648 quod
1208 3578 1254 3632 Sa·

239 3678 316 3750 rigny
339 3677 412 3730 nimis
435 3673 575 3747 generaliter
599 3674 690 3728 scribit:
718 3675 811 3732 -unnr
833 3675 897 3730 diosc
919 3675 1089 3748 selbststtndig
1106 3674 1254 3730 wmksamen

240 3773 426 3829 Nebcnabreden
445 3773 543 3846 gebo'rte
561 3789 613 3825 nun
630 3771 716 3844 gewils
736 3773 797 3827 auch
816 3773 858 3827 das
877 3771 1120 3836 Corrcalverhiitnils,
1138 3771 1176 3825 bei
1193 3771 1254 3826 wel-

241 3871 310 3926 chem
327 3870 447 3926 Niemand
464 3867 575 3924 zwetleln
592 3869 668 3934 kann,
691 3869 745 3925 dals
769 3887 794 3926 cs
817 3879 890 3927 untcr
910 3869 948 3927 dic
966 3870 1043 3944 ltinge
1060 3868 1172 3941 geho'rte,
1191 3885 1253 3943 quae

240 3967 315 4024 inseri
332 3967 526 4040 stipulationibus
544 3974 669 4039 possunt«
