2936 4554
698 311 857 410 293„

268 508 304 562 nt
331 493 404 560 teies
434 492 621 558 difficultates
654 490 691 556 ab
720 489 932 578 interpretibus
959 487 1038 556 Nor.
1059 489 1102 558 99
1133 494 1284 559 exstitisse

270 609 486 676 ostenderetur.
525 606 595 675 Cui·
612 607 759 672 desiderio
788 629 825 671 ne
848 610 911 694 ipse
927 605 1046 694 quidem
1070 619 1176 672 auctor
1198 612 1286 674 setis·

268 723 351 802 fecit,
380 746 434 790 nce
461 721 628 789 satisfecere
655 727 766 810 potnit
811 722 946 788 Anullo
975 725 1052 787 enim
1079 725 1225 812 scriptore
1247 724 1284 790 de

258 839 385 919 effecto,
410 863 497 931 quem
516 837 633 905 Noni
654 837 801 916 hebuerit,
827 837 990 926 quidquem
1011 837 1154 905 traditum
1176 851 1287 928 estant,

270 957 429 1024 Girtenner
451 977 547 1044 aequo
570 954 661 1020 modo
686 967 774 1043 etque
798 975 901 1020 omnes
924 952 1085 1019 adversarii
1113 975 1171 1040 pro
1193 955 1301 1021 rebus‘
1345 1037 1349 1042 Ι
1453 953 1454 1022 3

167 1135 173 1146 ,
268 1073 353 1148 foetis
377 1074 562 1160 conjectures
584 1073 722 1159 proprias
746 1069 869 1147 obtulit,
898 1091 1078 1158 quemquam
1099 1068 1190 1136 breve
1212 1092 1284 1159 pro-

270 1185 398 1255 oemium
420 1185 575 1263 Norebec,
605 1185 694 1252 breve
723 1188 866 1275 temporis
896 1179 1072 1274 spetinm¹)‚
1102 1185 1186 1274 qnod
1207 1189 1285 1253 inter

268 1300 465 1370 Noverunt
487 1314 517 1367 et
538 1300 617 1367 Nor.
633 1299 676 1368 99
699 1302 788 1366 istem
815 1302 948 1388 clapsum
975 1313 1036 1379 est,
1066 1323 1084 1366 n
1107 1302 1283 1389 conjectoris

269 1418 419 1507 capiendis
442 1417 610 1506 fabulisque
637 1417 799 1484 scribendis
822 1439 890 1483 enm
915 1437 1013 1484 arcere
1035 1415 1148 1482 debuit.
1181 1416 1284 1506 Neque

269 1549 377 1612 tamen,
402 1534 485 1624 qnod
497 1555 590 1622 paene
606 1555 707 1600 omnes
729 1535 905 1621 opinionum
925 1532 1108 1598 obstantium
1124 1537 1283 1620 scriptores

268 1652 342 1718 teles
365 1649 552 1717 difficultates
574 1649 631 1716 sibi
653 1650 820 1726 finxerunt,
850 1651 982 1736 graviter
1008 1661 1086 1714 esset
1113 1649 1282 1728 dolendum,

269 1771 328 1834 nisi
350 1788 420 1832 snas
436 1767 473 1834 de
489 1771 555 1854 ipso
570 1765 694 1832 Novello
706 1762 750 1832 99
765 1768 924 1830 sententies
947 1764 1110 1830 secundnm
1131 1763 1196 1830 illes
1212 1787 1284 1830 oon-

269 1882 456 1950 formesscnt.
496 1883 599 1971 lteqne
627 1894 725 1946 antem
752 1892 857 1947 nostra
885 1883 1023 1958 interest,
1051 1901 1151 1947 veram
1180 1903 1283 1947 corum

270 1998 465 2066 substantiam
488 2019 666 2086 cognoscere
690 2009 719 2062 et
742 1995 913 2083 dijudicare.

337 2114 496 2181 Girtenner
509 2112 623 2180 Nomii
641 2111 774 2178 fraudem
797 2111 903 2177 sectam
926 2132 989 2178 esse
1011 2115 1189 2200 suspicetur.
1212 2111 1285 2179 Gre-

270 2233 382 2299 ditores
404 2242 501 2320 putat,
526 2252 654 2319 quorum
670 2228 772 2295 electio
789 2226 968 2316 quibusdem
991 2227 1048 2294 sub
1063 2227 1284 2294 conditionibus

269 2345 378 2414 Noni
393 2346 510 2412 sublate
530 2350 578 2422 sit,
602 2343 836 2432 obligationibus
854 2347 1026 2409 accessoriis
1045 2357 1200 2410 contentos
1222 2367 1284 2410 non

269 2463 377 2540 fnisse,
402 2465 444 2527 ite
467 2473 501 2526 nt
523 2460 673 2526 duriorem
695 2481 805 2525 nexum
830 2460 988 2527 corrcalem
1011 2462 1197 2548 expetierint.
1227 2458 1285 2526 Cui

270 2576 368 2644 frondi
397 2569 562 2664 Ssvigny⁸)
592 2575 709 2663 quidem
740 2597 777 2640 ex
805 2579 923 2664 iugenio
952 2574 1156 2641 Romanorum
1185 2597 1284 2641 curem

269 2693 432 2760 formarum
449 2694 529 2782 juris
545 2712 697 2780 opponere
711 2691 840 2769 videtur,
862 2712 921 2781 que
936 2691 1121 2779 prohibitum
1136 2695 1184 2770 sit,
1208 2712 1285 2779 quo-

270 2813 378 2887 minus,
403 2811 428 2875 si
451 2807 489 2874 nd
512 2829 605 2872 unum
628 2828 800 2872 corrcorum
822 2819 875 2872 ent
895 2810 1004 2872 rectius
1021 2806 1187 2873 debitorum
1210 2807 1284 2871 nihil

269 2929 445 3014 pervenerit,
468 2923 628 3014 fidejussor
643 2946 675 2990 se
690 2945 824 2990 correnm
841 2925 1027 2989 constituerit
1040 2926 1083 2988 rei
1102 2921 1284 3012 principalis.

323 3128 346 3197 ¹)
369 3127 440 3184 Unde
458 3127 567 3201 Sevigny
583 3125 629 3181 bb
647 3144 672 3198 p.
685 3124 746 3181 280.
764 3133 816 3180 not.
829 3145 863 3191 c,
887 3127 930 3198 qui
948 3129 1041 3200 etipse
1059 3124 1212 3182 difficultates
1230 3127 1284 3182 No·

270 3225 345 3282 rebec
361 3225 380 3280 4
398 3233 549 3280 occurrentes
567 3225 594 3278 in
610 3231 691 3278 mente
713 3223 827 3278 babuisse
844 3223 953 3292 videtm,
978 3233 1149 3299 argumentum
1167 3224 1284 3282 adversus

271 3324 409 3395 opinionem
427 3337 580 3376 communem
599 3319 739 3391 depromsit.
766 3320 816 3376 Sed
829 3326 952 3393 prooemia
966 3341 1097 3396 monsque
1115 3322 1284 3390 extendantur,

270 3419 301 3474 ad
319 3435 415 3473 merum
432 3415 554 3490 loquentis
572 3417 698 3472 arbitrium
708 3420 818 3491 pertinet,
837 3428 861 3474 et
881 3437 1030 3493 quemquem
1041 3421 1196 3475 Justinisnus
1207 3419 1285 3475 multe

266 3518 357 3589 jeetnrc
376 3514 448 3582 solet,
470 3523 552 3570 temen
570 3515 616 3570 diei
633 3533 683 3570 non
699 3523 793 3588 potest,
817 3517 855 3571 bie
877 3517 948 3590 plura
967 3518 1070 3590 prasini
1088 3536 1145 3573 enm
1163 3519 1284 3574 debuisse

270 3615 358 3686 Neque
375 3613 471 3668 Nov.4
492 3613 639 3685 praefatione
660 3612 767 3689 longiore
789 3618 906 3672 instructo
930 3624 979 3682 eet,
1002 3623 1027 3672 et
1048 3615 1107 3672 aliae
1123 3615 1202 3690 leges,
1225 3633 1247 3671 c.
1259 3635 1284 3690 g.

270 3713 300 3768 Ιι.
313 3710 348 3768 28
367 3711 393 3768 9.
412 3710 442 3767 de
459 3710 568 3783 fidejuss.
585 3714 745 3784 reperiuntur,
763 3715 789 3768 in
808 3715 898 3786 quibus
915 3713 975 3769 nibil
991 3713 1115 3787 precisum
1127 3721 1172 3770 cst
1199 3713 1284 3779 Quid?

270 3810 366 3865 cuinam
383 3809 409 3864 id
427 3809 537 3864 sufficere
554 3828 603 3864 non
622 3810 745 3878 videntur,
764 3811 832 3884 quod
849 3813 1020 3868 constitutione
1038 3820 1148 3886 separata
1165 3811 1284 3868 conditio·

270 3924 326 3961 nem
345 3925 485 3962 correctum
504 3907 640 3962 ordinavit?

324 4003 346 4074 3)
369 4004 477 4080 savigny
494 4004 510 4060 l.
523 4003 540 4060 l.
559 4024 583 4078 p.
596 4005 657 4061 224.
675 4013 726 4060 not.
739 4025 760 4061 e.
