2952 4556
674 308 835 408 *aa*

357 487 487 555 dividere
510 488 660 578 cogendus
684 502 743 566 est,
768 489 819 554 sed
842 494 953 578 poterit
975 491 1100 557 eundem
1124 505 1159 558 ut
1178 496 1262 582 prin-

358 607 478 694 cipalem
508 609 664 670 convenire
694 628 791 682 reum,
826 609 895 671 itcm
926 603 1043 696 [suppl.
1073 607 1164 690 autc]
1193 633 1260 676 cunr

357 726 408 809 qui
431 720 590 807 fidejussor
612 744 668 808 pro
693 722 784 786 altero
809 720 973 805 exstiterit)
1002 727 1033 789 in
1060 737 1160 811 partes
1189 749 1261 792 con-

359 841 473 914 venire,
503 861 564 902 non
594 859 679 901 secus
703 859 736 901 ac
760 841 784 902 si
808 836 885 902 duos
908 838 1102 934 promittendi
1124 863 1191 907 reos
1216 842 1261 906 di-

357 956 429 1016 visis
453 953 620 1018 actionibus
644 957 845 1018 conveniret«

247 1072 275 1134 in
301 1069 379 1132 hunc
403 1069 522 1133 modum
546 1072 755 1133 ratiocinatur:
786 1069 858 1134 »Rei
882 1071 1093 1157 promittendi«
1123 1075 1184 1137 sine
1207 1072 1261 1137 ad·

241 1186 328 1271 jectis
354 1183 476 1248 vocibus
501 1185 618 1261 »dero«,
645 1184 725 1249 »duo
745 1184 788 1248 vel
804 1185 924 1272 plures«
949 1200 1016 1251 cett.
1033 1186 1182 1253 debitores
1203 1211 1259 1276 pro

245 1313 344 1390 parte,
374 1299 471 1364 verbis
504 1299 642 1386 obligati,
681 1303 710 1364 iu
735 1301 803 1386 jure
832 1301 968 1366 Romano
999 1303 1202 1392 significantur
1231 1318 1261 1370 et

246 1419 411 1480 »actionem
436 1413 586 1480 dividere«
611 1418 636 1480 is
660 1428 773 1481 tantum
798 1417 924 1494 videtur,
949 1422 1001 1505 qui
1024 1422 1066 1485 ita
1086 1419 1201 1496 dividit,
1227 1431 1261 1484 ut

247 1545 348 1598 contra
372 1532 507 1596 diuersos
529 1555 596 1596 reos
619 1535 798 1619 experiatur.
840 1532 922 1615 Quae
946 1556 1011 1599 cum
1035 1537 1076 1599 lta
1099 1538 1168 1612 sint,
1194 1559 1260 1600 scn-

246 1652 336 1714 tentia
359 1647 513 1735 Papiniani
537 1647 609 1712 haec
632 1646 701 1712 luit:
727 1648 851 1712 »Potest
873 1649 1002 1715 creditor
1025 1649 1174 1716 debitores
1198 1674 1260 1717 non

246 1768 309 1828 sine
342 1764 468 1850 utilitate
501 1765 542 1827 ita
573 1766 716 1848 accipere,
754 1777 789 1828 ut
816 1767 940 1830 invicem
967 1764 1161 1852 fidejubeant,
1197 1789 1259 1854 quo

246 1903 315 1944 casu
340 1881 450 1966 poterit
473 1877 592 1965 quidem
615 1900 667 1942 eos
691 1882 714 1942 si
740 1879 810 1943 velit
832 1883 862 1943 in
886 1893 985 1967 partes
1009 1886 1174 1961 convenire,
1200 1903 1259 1970 qua

246 2018 277 2060 rc
292 1973 368 2059 idem
385 1993 519 2069 efficitur,
545 2005 632 2080 atque
656 1997 679 2057 si
705 1994 781 2060 duos
805 2017 872 2060 reos
896 1998 1088 2083 promittendi
1104 2021 1159 2085 pro
1176 2011 1259 2085 parte

246 2112 432 2185 conveniret,
464 2107 624 2172 sedetiam
650 2111 674 2173 si
698 2111 774 2175 nolit
796 2115 940 2177 actionem
972 2111 1118 2190 dividere,
1148 2117 1260 2200 poterit

246 2248 337 2291 unum
373 2229 403 2288 in
438 2223 566 2288 solidum
601 2230 773 2305 convenire,
809 2249 864 2314 pro
894 2241 977 2314 parte
1008 2241 1042 2292 ut
1069 2229 1259 2316 principalem

245 2365 345 2418 reum,
369 2363 425 2428 pro
450 2341 540 2404 altera
562 2354 646 2428 parte
670 2355 704 2406 ut
725 2342 928 2429 fidejussorem
952 2345 1105 2409 alterius«

315 2457 410 2545 Cujus
440 2457 515 2520 hanc
550 2461 708 2522 sententiae
738 2462 881 2523 rationem
911 2459 1064 2525 Dedelrind
1094 2461 1258 2547 Papiniano

247 2576 407 2660 supponit,
441 2595 509 2648 eos,
546 2577 596 2659 qui
631 2576 753 2638 invicem
784 2573 999 2659 fidejusserint,
1035 2599 1127 2663 paene
1156 2575 1259 2641 eodem

245 2688 336 2754 modo
368 2684 452 2768 (ante
480 2687 557 2752 Nov.
581 2687 612 2753 4.
636 2685 741 2771 latam)
771 2693 862 2755 teneri
893 2696 1083 2759 consuevisse
1111 2715 1145 2757 ac
1174 2695 1199 2756 si
1228 2695 1259 2756 in

246 2804 374 2869 solidum
398 2827 429 2869 se
453 2804 643 2892 obligassent

313 2919 394 3004 Quae
417 2921 531 3008 reliqua
547 2920 584 2984 ad
599 2919 676 2986 Nov.
694 2919 747 2988 99.
764 2925 926 3010 spectantia
943 2921 979 2986 ab
996 2922 1099 2986 eodem
1115 2926 1258 3009 scriptore

246 3037 424 3113 afferuntur,
453 3037 491 3102 de
514 3039 550 3100 iis
574 3041 673 3124 aptius
698 3037 911 3125 disquiremus,
943 3037 994 3102 ubi
1024 3037 1062 3102 ad
1086 3041 1259 3104 sententiam

245 3153 495 3218 Dedelrindianam
518 3157 755 3239 pervenerimus,
781 3175 846 3217 cum
869 3157 962 3242 magis
986 3154 1023 3218 ad
1046 3158 1212 3241 pactionem
1228 3159 1258 3220 in

245 3268 373 3332 solidum
396 3265 511 3343 luctam,
536 3289 624 3354 quam
646 3268 832 3334 lastinianus
856 3269 1017 3334 secundum
1038 3283 1188 3334 auctorem
1204 3293 1259 3334 no·

247 3396 341 3448 strum
365 3385 395 3446 in
417 3382 541 3446 Novella
569 3385 626 3446 ista
653 3382 824 3448 moderatus
854 3397 912 3460 est,
943 3407 1031 3473 quam
1061 3386 1099 3450 ad
1130 3385 1258 3450 indolem

245 3499 446 3584 fidejussionis
481 3510 600 3563 mutuae
633 3503 802 3587 respiciant.
850 3499 938 3584 Quod
976 3513 1074 3567 autem
1104 3500 1259 3566 Dedelrind

245 3618 374 3703 primum
398 3613 434 3678 de
463 3617 572 3678 coracis
600 3618 631 3679 in
654 3617 733 3701 juris
756 3615 837 3682 libris
862 3617 1060 3705 significandis
1090 3616 1257 3694 declaravit,

245 3730 415 3819 fragmentis
428 3729 564 3814 Venuleji
580 3731 613 3794 L.
630 3729 670 3796 13
687 3731 723 3796 de
740 3731 809 3797 duo.
824 3736 891 3809 reis,
908 3733 1062 3820 Papiniani
1079 3734 1112 3798 L.
1131 3733 1145 3798 l
1165 3746 1258 3798 ratam

244 3869 320 3924 rem,
344 3845 429 3910 Pauli
446 3846 479 3912 L.
499 3843 541 3912 lt
555 3845 633 3920 eod.,
659 3845 776 3935 Ulpiani
791 3849 825 3913 L.
843 3846 862 3912 5
880 3848 915 3912 de
930 3849 1073 3935 fidejuss,
1097 3848 1258 3915 iustiniani

244 3962 278 4029 L.
295 3962 349 4028 ult.
372 3961 406 4029 C.
431 3962 466 4028 de
490 3962 560 4028 duo.
584 3966 642 4029 reis
666 3961 827 4043 refutatur,
858 3963 1035 4052 quibuscum
1067 3965 1139 4032 aliae
1170 3985 1258 4031 voces
