2936 4554
613 332 774 432 *ee-a-

188 517 274 582 etiam
304 517 334 580 in
363 513 394 579 id
423 515 515 580 teneri
544 511 665 590 debeat,
696 511 780 600 quod
808 534 827 576 a
854 515 957 578 ceteris
980 526 1063 578 actor
1086 534 1202 578 servare

188 653 249 697 non
271 634 420 718 potuerit,
449 641 538 717 atque
562 649 642 704 cum,
673 639 773 693 utrum
802 640 971 715 praesentes
995 641 1030 693 ac‘
1057 627 1202 695 solvendo

188 749 262 824 sint,
293 769 399 823 necne,
431 744 604 811 creditorem
629 756 696 809 ante
719 747 864 808 actionem
886 746 1051 811 institutam
1078 746 1204 808 scrutari

189 875 343 949 oporteat,
380 863 537 925 »interim«
572 835 614 924 ila
648 843 739 924 model
774 858 918 924 adversus
951 860 1082 947 reliquos
1117 880 1203 947 agere

190 977 317 1054 videtur,
342 979 367 1040 si
390 988 442 1042 aut
464 959 590 1065 propter
603 975 845 1063 pluspetitionem
866 974 1045 1062 repellente,
1069 987 1121 1038 aut
1130 983 1207 1061 post

188 1091 369 1158 sententiam
391 1092 429 1157 ad
439 1151 442 1158 ,
452 1111 545 1174 unum
560 1091 664 1156 redire
678 1093 785 1177 possit.
821 1086 907 1171 (Nam
924 1093 950 1155 si
969 1089 1098 1156 creditor
1112 1093 1205 1154 actio-

189 1230 254 1272 nem
278 1221 356 1273 recte
379 1189 573 1303 instituisset,
597 1218 651 1270 aut
667 1204 705 1270 ab
728 1204 868 1271 omnibus
892 1203 950 1286 [vel
974 1229 991 1270 a
1013 1199 1204 1293 quibusdam]

191 1344 292 1387 omnes
315 1333 416 1408 partes
440 1331 616 1386 consecutus
640 1331 726 1396 esset,
752 1332 805 1384 aut
819 1319 857 1384 ab
879 1319 941 1384 uno
958 1321 1096 1400 solidum,
1121 1319 1204 1404 [siin

190 1436 318 1502 solidum
335 1435 547 1502 condemnatus
563 1431 663 1517 esset]‚
680 1457 771 1524 quare
788 1437 903 1501 interim
919 1439 1013 1522 egisse
1034 1440 1075 1503 ita
1089 1449 1205 1502 tantum

190 1551 350 1629 videretur,
375 1555 400 1618 si
424 1564 477 1617 aut
500 1555 642 1616 actionem
666 1549 741 1616 lalso
760 1552 945 1629 instituisset,
969 1555 1075 1618 autin
1098 1575 1206 1617 execu-

190 1670 271 1732 tione
295 1668 333 1733 ab
354 1669 413 1733 lroc
428 1668 474 1732 vel
494 1667 545 1732 illo
562 1689 613 1732 reo
631 1680 744 1754 partem
762 1689 823 1732 non
838 1664 1041 1754 percepisset.)
1077 1665 1110 1734 Si
1131 1667 1207 1732 illud

190 1804 293 1847 verum
309 1796 396 1861 esset,
412 1786 504 1870 inepti
520 1782 594 1870 quid
607 1786 665 1848 nisi
675 1784 839 1870 Imperator
851 1785 1013 1859 statuisset,
1030 1795 1127 1848 tamen
1144 1805 1207 1879 cre·

192 1898 297 1964 clitoris
319 1897 462 1963 illudendi
485 1901 580 1986 gratia
604 1901 645 1963 ita
667 1901 878 1986 praecepisset:
908 1899 966 1964 hoc
989 1875 1206 1964 excludendum

192 2026 250 2089 est,
274 2017 345 2100 quia
367 2017 613 2080 examinationem
637 2013 820 2078 substantiae
845 2036 907 2079 non
930 2014 969 2078 acl
991 2017 1204 2092 executionem,

192 2128 243 2192 sed
256 2128 403 2216 adipsum
414 2129 560 2224 judicium
572 2131 717 2215 respicere
729 2128 820 2194 modo
836 2132 984 2204 novimus,
999 2142 1088 2218 atque
1098 2129 1204 2216 judex,

192 2247 218 2308 si
251 2247 443 2331 inquisitione
475 2243 648 2310 facultatum
677 2243 777 2309 habita
805 2247 1027 2331 pronuntiavit,
1062 2247 1206 2310 actionem

192 2359 346 2426 creditoris
365 2361 477 2445 justam
502 2383 575 2437 esse,
600 2381 746 2448 quemque
769 2363 861 2448 igitur
876 2373 968 2447 prout
989 2337 1133 2426 solvendo
1150 2359 1208 2426 fuit

192 2473 413 2554 condemnavit,
446 2497 592 2564 quemque
622 2489 651 2541 et
680 2475 716 2541 de
744 2473 864 2540 residuo
892 2475 1055 2541 absolvisse
1080 2475 1206 2554 videtur,

192 2594 233 2655 ita
256 2603 291 2656 ut
312 2595 419 2679 cuique
440 2614 560 2656 reorum
584 2594 720 2679 exceptio
744 2594 787 2656 rei
804 2591 954 2678 judicatae
978 2586 1164 2679 competat⁴).

260 2704 342 2789 Quas
364 2726 540 2792 persuasum
564 2705 636 2769 mihi
658 2704 754 2770 habeo
778 2695 908 2770 rationes
926 2706 1069 2785 sufficere,
1094 2721 1129 2772 ut
1144 2730 1207 2773 eam

193 2818 310 2906 periodi
332 2832 452 2884 nostrae
474 2819 695 2884 translationem
719 2821 824 2884 merito
840 2821 987 2905 rejiciam.
1018 2822 1111 2887 Immo
1135 2845 1206 2887 vero

194 2934 270 2999 hane
292 2938 355 3022 ipse
377 2956 534 3022 propono:

305 3050 405 3137 Atque
434 3053 459 3114 si
490 3071 537 3114 res
565 3052 606 3114 ita
630 3071 660 3115 se
689 3048 797 3114 habere
821 3051 1018 3136 appamieait,
1048 3054 1094 3116 sin
1117 3055 1208 3139 igitur

306 3165 450 3230 solvendo
472 3166 535 3230 siro
553 3179 582 3230 et
602 3163 728 3230 fortasse
750 3178 919 3253 praesentes
936 3165 1067 3254 societ,
1092 3171 1208 3254 pericn-

305 3281 366 3346 lum
389 3281 507 3346 illornm
532 3285 664 3346 omnium
684 3281 743 3347 hcc
759 3303 823 3346 csse
839 3281 936 3359 debet,
960 3285 1135 3370 utquisque
1151 3305 1207 3370 pro

308 3409 391 3482 parte
409 3396 450 3474 id,
475 3396 557 3485 quod
574 3396 717 3462 creditum
739 3409 793 3474 est,
818 3419 856 3462 err
872 3418 933 3484 quo
951 3397 1069 3486 quidem
1086 3402 1207 3464 omnino

304 3514 348 3577 rei
376 3510 446 3577 faeti
474 3514 546 3589 sint,
576 3525 742 3599 praestent,
774 3533 869 3600 neque
897 3535 1052 3579 commune
1075 3512 1207 3580 debitum

306 3627 454 3715 singulare
477 3627 602 3713 alicujus
626 3649 703 3694 onus
726 3629 799 3694 lieri.
835 3625 890 3694 Sin
905 3651 976 3696 vcro
998 3630 1129 3718 reliquos
1146 3633 1209 3695 sire

307 3766 424 3819 omnes,
449 3747 512 3809 sive
534 3742 681 3830 quosdam
704 3767 742 3809 ex
766 3747 818 3821 iis,
849 3747 912 3810 sive
934 3769 991 3833 pro
1014 3758 1114 3833 parte,
1146 3749 1208 3811 sive

305 3864 336 3924 in
365 3859 508 3935 solidum,
539 3858 684 3924 solvendo
713 3881 775 3924 non
802 3882 865 3925 esse
889 3862 1081 3947 apparuerit,
1110 3874 1162 3927 aut
1184 3864 1209 3926 si

194 3971 408 3983 *uu-uu·—

247 4012 270 4081 ⁴)
283 4011 332 4067 cfr.
342 4012 452 4087 savigny
460 4014 529 4086 Syet.
538 4013 585 4070 aa.
591 4014 616 4070 6.
627 4012 641 4084 §
651 4013 701 4071 281
714 4030 768 4086 sqq.
782 4013 832 4071 cfr.
843 4015 872 4070 cle
882 4015 1010 4071 Schroeter
1018 4014 1034 4068 l.
1040 4015 1056 4070 l.
1066 4015 1148 4088 pala
1154 4033 1208 4087 sqq.

993 4111 1050 4170 ll*
