2952 4556
662 293 821 394 Q

346 485 445 562 partes
468 475 531 560 jam
556 475 725 548 solverunt,
754 471 963 560 impedimento
987 476 1057 550 erit,
1086 478 1247 561 quominus

341 591 393 677 jus
423 590 577 656 creditoris
606 612 644 655 ex
667 588 849 677 obligatione
871 589 994 654 sorreali
1016 587 1183 677 proiectum
1206 595 1248 658 ita

347 727 522 772 concussum
545 727 609 772 esse
633 705 773 771 dieamus.
813 703 889 770 Nam
911 707 1026 770 interim
1050 704 1159 772 lectum
1178 729 1246 774 esse

346 834 461 909 potest,
489 835 525 887 ut
547 825 649 899 ceteri,
681 825 732 910 qui
755 833 841 886 autea
864 819 962 886 idonei
985 819 1123 900 luerunt,
1144 823 1246 890 idonei

346 959 409 1002 esse
433 937 580 1014 desierint,
608 935 690 1025 quod
713 935 854 1002 damnum
875 935 1000 1002 tortasse
1023 937 1163 1004 creditori
1184 961 1246 1006 non

345 1053 513 1130 occidisset,
541 1057 567 1118 si
588 1052 709 1119 liberam
731 1075 850 1118 reorum
872 1053 1042 1118 electionem
1065 1057 1244 1120 retinuisset.

244 1196 250 1206 ·
371 1169 539 1253 .Quoniam
567 1172 658 1258 igitur
686 1181 805 1234 mutuae
832 1167 960 1234 duorum
984 1191 1102 1234 reorum
1125 1169 1247 1257 fidejus·

232 1285 251 1300 ''
307 1315 313 1326 ·
346 1288 444 1351 sioues
467 1283 628 1350 secuudum
651 1283 852 1350 Haloandrum
870 1285 941 1370 jura
963 1284 1118 1352 creditoris
1141 1285 1246 1352 inirin-

294 1427 298 1440 ¹
326 1383 435 1490 punt,
466 1394 597 1489 supra¹²l
621 1413 719 1465 autem
740 1398 900 1488 probatum
923 1412 983 1478 est,
1013 1399 1185 1466 creditorem
1208 1405 1244 1466 iis

207 1499 220 1508 ..
297 1519 314 1574 ἵ
344 1515 466 1606 perinde
489 1529 578 1605 atque
601 1515 665 1580 aliis
688 1513 744 1580 sibi
768 1515 930 1592 consulere,
954 1537 1049 1604 neque
1073 1519 1167 1581 invito
1184 1538 1246 1582 ore·

208 1705 212 1712 ,
244 1634 252 1674 ·’
346 1632 443 1698 ditore'
476 1635 586 1697 correis
615 1633 678 1697 vioe
712 1642 814 1696 mutua
841 1629 1069 1718 fidejussoribus
1098 1632 1246 1698 commodi

218 1742 247 1778 '⁴
309 1731 325 1788 3'
346 1747 418 1837 qnid
447 1751 630 1836 contingere,
660 1748 832 1811 seutentiam
855 1745 1018 1812 Haloaudri
1035 1747 1115 1834 juris
1136 1751 1245 1814 rationi

315 1867 324 1884 ”
345 1875 570 1929 consentaneam
594 1882 655 1925 non
678 1881 742 1926 esse
765 1861 899 1927 dicimus.

278 1977 308 2045 3.
338 1958 435 2062 'Quod
464 1976 500 2042 sd
527 1975 699 2042 beneficium
729 1981 913 2043 excussionis
942 1981 1077 2067 respicit,
1105 1978 1183 2044 idern
1205 1979 1244 2045 ad

343 2091 546 2159 Haloandrum
568 2092 656 2170 valet,
680 2093 764 2182 quod
787 2107 889 2160 contra
906 2093 1082 2184 Savignium
1098 2092 1179 2184 §pluo
1198 2116 1244 2160 se·

344 2211 446 2298 quenti
469 2230 662 2298 exponemus.

692 2385 779 2471 515.

668 2522 802 2587 Finis.

298 2669 357 2756 Qui
381 2673 539 2737 sententiae
562 2669 681 2736 cuilibet
703 2670 837 2761 Sarignii
860 2670 992 2738 studium
1015 2671 1184 2760 diligentius
1213 2685 1243 2738 et

231 2789 396 2855 accuratius
425 2807 565 2875 umquam
592 2786 780 2875 impenderit,
810 2801 840 2855 et
862 2809 950 2877 quam
973 2786 1122 2854 subtiliter
1144 2791 1242 2854 omnia

230 2907 411 2992 excogitata,
442 2924 530 2991 quam
554 2916 638 2968 caute
661 2904 808 2993 expolita,
838 2926 926 2993 quam
950 2903 1097 2992 eleganter
1118 2917 1149 2970 et
1171 2926 1242 2970 cou-

231 3024 313 3087 cinue
329 3019 462 3109 singulae
476 3033 575 3108 partes
591 3042 741 3086 connexae
757 3025 825 3097 sint,
850 3033 885 3086 ut
900 3023 1030 3109 separari
1046 3023 1098 3085 vix
1113 3023 1240 3108 possint,

229 3139 294 3225 ipse
316 3148 484 3224 compertus
508 3138 556 3210 sit,
580 3157 647 3200 eum
671 3139 843 3224 ignoturum
866 3137 938 3202 mihi
956 3158 1020 3202 esse
1035 3158 1134 3224 spero,
1158 3135 1242 3224 quod

163 3238 169 3250 ⁸
228 3252 501 3338 tantumspatiuuo
528 3252 559 3312 iu
589 3253 730 3337 opinione
759 3252 822 3336 ejus
851 3252 1006 3318 refutanda
1029 3255 1240 3317 consumserim

229 3378 377 3432 ettamen
400 3363 525 3429 lortasse
548 3386 586 3428 ne
609 3369 707 3430 omnia
736 3367 855 3455 quidem
877 3366 1045 3446 refutatum,
1076 3389 1152 3456 quae
1175 3367 1240 3433 aliis

228 3484 334 3548 summi
362 3483 502 3545 momenti
530 3500 594 3546 csso
624 3480 790 3548 videantur.
838 3483 947 3573 Opinio
978 3487 1053 3550 euim
1076 3482 1240 3548 Haloandri

227 3618 323 3686 neque
346 3617 486 3684 umquam
509 3599 576 3684 ipso
599 3596 725 3664 Donello
753 3621 815 3666 non
837 3613 962 3689 excepto
985 3611 1239 3689 propugnatorem

227 3711 370 3803 Savignio
393 3715 637 3801 praestantiorem
660 3713 774 3794 habuit,
799 3717 884 3807 cujus
906 3720 937 3782 in
960 3716 1156 3806 explicatione
1174 3737 1240 3782 ver·

228 3869 443 3883 h—-u-—n

279 3955 312 4027 ²¹)
336 3957 400 4014 vus
418 3957 488 4030 sm.
