2936 4554
684 289 747 360 167

205 590 364 674 respicere,
394 521 478 674 qudd
508 585 645 652 omnibus
675 587 899 676 exploratum
891 591 940 653 sit.
977 573 1127 694 ltaque''
1103 611 1129 652 ει
1152 609 1218 653 cunr

205 695 429 784 Dedelaindio¹⁸l
460 715 490 768 et
517 701 644 768 fortasse
670 705 825 789 cumipse
850 697 1219 798 Homberglain¹⁴lvoeem

204 830 337 883 nostram
367 821 521 906 ancipitem
551 816 589 881 ad
617 816 649 882 id
677 815 867 894 referremus,
898 818 981 907 quod
1009 821 1087 883 inter
1116 840 1218 900 omnes

206 943 400 1010 »constaret«
424 955 494 1020 ergo
514 931 552 997 ad
568 931 608 1009 id,
633 933 717 1020 quod
732 945 857 998 vocatur
874 932 1035 1010 notorium,
1059 937 1154 1020 ireque
1171 933 1219 1002 hic

203 1049 306 1136 regula
328 1048 427 1136 aliqua
448 1050 638 1137 grammatica
661 1052 799 1126 occurrit,
823 1070 883 1136 qua
905 1071 939 1113 ea
953 1031 1156 1136 interpretatio
1171 1070 1219 1114 re·

204 1161 326 1229 lutetur.
375 1165 586 1230 Verumtamen
613 1159 821 1250 Imperatorem
849 1164 975 1252 liqueret
1003 1162 1217 1230 conditionem:

211 1281 257 1342 »si
280 1278 425 1343 solvendo
454 1277 484 1343 dt
509 1271 679 1365 praesentes
710 1281 806 1354 sint·,
837 1278 1014 1344 arctioribus
1042 1283 1085 1344 ita
1107 1277 1217 1346 finibus

203 1391 373 1470 inclusisse,
402 1415 468 1458 cum
494 1395 560 1480 quis
584 1392 728 1458 solvendo
753 1415 817 1458 esse
838 1396 950 1480 possit,
980 1397 1093 1477 etiamsi
1115 1396 1217 1459 mani·

196 1507 316 1596 festum
338 1530 401 1574 non
430 1511 484 1586 sit,
513 1531 580 1574 eum
608 1507 753 1573 solvendo
782 1531 856 1574 esse.
894 1509 1050 1574 Praeterea
1071 1512 1217 1574 neminem

203 1622 327 1689 evadere
355 1636 470 1711 potest,
500 1623 581 1701 lore,
610 1635 646 1688 ut
673 1622 747 1688 illud
782 1623 898 1690 »τοῦτο
926 1622 1027 1698 οὕτως
1049 1619 1146 1703 ἔχονι
1176 1627 1218 1688 ita

202 1761 264 1804 non
280 1751 413 1805 accurate
428 1740 626 1828 explicaretur
641 1761 658 1802 a
673 1738 850 1826 legislatore,
867 1752 897 1804 et
908 1739 1081 1804 beneficium
1096 1760 1216 1804 reorum

202 1876 295 1944 paene
314 1857 431 1920 irritum
446 1855 519 1920 ficri.
549 1854 805 1920 Examinationem
824 1867 921 1920 autem
936 1853 1109 1920 facultatum
1125 1876 1217 1942 appa·

202 1983 248 2036 ret
265 1969 361 2055 judici
383 1973 595 2057 praescriptam
618 1969 656 2034 ad
679 1970 804 2034 nihilum
822 1969 933 2036 reduci.
971 1969 1095 2055 Majoris
1119 1981 1217 2035 tamen

203 2084 371 2151 ducendum
394 2096 448 2162 est,
470 2085 680 2171 Imperatorem
702 2107 765 2150 non
786 2098 917 2150 tantum:
941 2088 1016 2148 »aeti
1032 2129 1061 2148 ..
1077 2087 1216 2170 φανείη(

202 2203 366 2288 scripsisse,
382 2200 551 2266 sedetiam:
568 2199 619 2262 »εἰ
630 2201 691 2284 μὲν
708 2192 855 2280 εὖπόρως
865 2197 976 2282 ἔχουσι
989 2203 1044 2264 nai
1058 2199 1217 2284 ποίροντες

201 2315 360 2398 sepone«.
404 2315 448 2380 lta
470 2317 548 2381 enim
569 2319 697 2402 primum
721 2338 810 2382 unam
833 2315 1014 2403 eandemque
1043 2317 1216 2380 sententiam

202 2431 364 2498 secundum
380 2431 567 2498 adversarios
583 2442 629 2497 ter
644 2433 882 2519 circumscripsit,
904 2431 994 2519 idque
1009 2423 1165 2521 ejusmddi,
1181 2415 1218 2494 ul
1235 2451 1237 2459 ·

201 2546 293 2614 verba
307 2550 412 2628 scire.
424 2545 639 2632 teuperto«
655 2561 685 2614 et
699 2548 768 2612 rel.
781 2547 947 2628 ‚cdxoeevs
962 2549 1028 2635 pari
1044 2567 1202 2612 sensu
1149 2544 1216 2610 f

201 2675 340 2752 gantur,
330 2649 415 2727 dum
438 2655 602 2728 enuntiatio
625 2663 722 2728 media
745 2667 841 2727 ικαὶ.
853 2666 1013 2749 ,φανείη
999 2661 1073 2727 ab
1090 2675 1216 2748 utraque

202 2755 400 2865 descriptione
423 2775 592 2842 abhorreat.
632 2775 686 2842 Sin
703 2799 774 2842 vero
797 2776 872 2842 illud
896 2775 1046 2857 ιέχοοσιι
1069 2792 1099 2844 et
1114 2800 1216 2844 vocem

210 2890 374 2972 »cdxoesv«
408 2895 486 2958 inter
514 2913 545 2956 se
574 2903 663 2977 atque
693 2912 759 2956 cum
791 2891 1010 2956 »καθεστᾶσι
995 2905 1070 2957 ct
1099 2891 1216 2977 »ἔνδη-

200 3005 316 3092 μοῦσο«
353 3029 469 3073 necnon
498 3028 564 3072 cum
595 3006 754 3091 amovete·
785 3027 953 3094 compares,
984 3007 1215 3096 haudquaquam

202 3145 308 3212 negare
330 3126 454 3211 poteris,
477 3124 574 3188 tribus
596 3122 653 3187 illis
676 3125 836 3187 enuntiatis
860 3123 990 3188 eaodem
1011 3145 1126 3210 semper
1149 3145 1216 3188 sen·

201 3243 323 3305 tentiam
338 3261 402 3305 non
420 3239 571 3306 illustrari.
613 3239 800 3326 Tempoerem
814 3241 891 3304 enim
909 3240 1083 3304 diversitate
1097 3260 1215 3304 neeesse

202 3368 247 3422 est
268 3356 432 3441 Imperator
454 3368 483 3420 et
506 3355 642 3420 dinosco
663 3356 828 3420 saeternae
850 3354 1106 3421 demonstraverit.

268 3472 348 3536 Inter
375 3470 492 3558 regulas
521 3469 656 3558 quidem,
687 3492 763 3558 quae
787 3469 844 3536 suh
866 3469 951 3536 nr.3
974 3471 1152 3559 allegantur,
1182 3495 1217 3538 ea

199 3589 311 3674 etipsa
328 3588 465 3664 occurrit,
481 3584 512 3648 al
525 3607 591 3652 cum
605 3585 749 3672 Optote'co
761 3586 881 3652 Aeristi
895 3588 1085 3675 conjunctum
1097 3587 1214 3655 Futuro

195 3863 198 3872 ·
256 3830 289 3899 ¹³)
313 3829 438 3886 Dedelrind
454 3827 500 3884 ll.
518 3847 543 3902 p.
558 3828 617 3884 166.
636 3837 688 3884 not
703 3830 726 3884 1.

255 3918 289 3987 ¹⁴)
312 3919 493 3992 Homberglsius
512 3920 576 3972 enim
593 3921 627 3972 ita
646 3919 738 3973 scribit:
757 3919 806 3976 »Et
818 3922 840 3978 ai
851 3921 897 3978 hoc
914 3921 948 3978 ita
959 3938 986 3977 se
997 3920 1084 3978 habere
1096 3929 1215 3994 appareat,

202 4007 224 4064 ai
242 4006 342 4083 quidem
358 4007 490 4082 locupletes
508 4015 532 4064 ct
549 4015 687 4081 pmcsentm
705 4008 775 4064 sint«
