2936 4554
687 339 848 442 —aon-

348 543 351 548 ·
361 514 497 610 fortuito
521 520 683 604 occiderit,
713 531 748 584 nt
769 516 934 597 abfuerint,
959 521 1046 586 etiarn
1069 519 1278 609 unusquilibet

370 640 402 702 in
424 637 498 703 iilud
520 649 646 714 tenetor,
674 633 757 724 qnod
779 634 817 701 ab
840 635 906 700 eliis
928 637 1020 725 recipi
1042 656 1104 702 non
1126 640 1275 724 potuerit3

260 773 336 841 quae
359 771 420 842 quo
438 755 523 840 justu
545 751 696 828 reddatur,
720 748 811 816 rerba
835 749 959 818 Graeca:

263 863 267 870 ’
369 875 487 952 χωρεῖν
503 914 532 933 ..
553 861 636 932 κατὰ
659 865 725 931 τῶν
746 858 952 945 ὑπολοίπων,
976 869 1042 948 εἴγε
1063 870 1119 931 καὶ
1141 865 1276 951 εὔποροι

369 984 550 1049 καθιστᾶσι
572 985 628 1047 καὶ
643 981 826 1068 ἕνδρμοῦσι,
849 986 905 1046 aci
926 981 1065 1048 sicoriro
1081 980 1183 1059 οὕτως
1197 979 1276 1064 ἕχον

372 1101 507 1186 φανείη,
530 1099 561 1162 ci
580 1101 641 1184 ptr
662 1094 807 1184 εὐπόρως
828 1095 937 1179 ἔχουσι
960 1101 1015 1162 καὶ
1037 1097 1194 1184 πάροντες
1215 1093 1274 1164 ro'-

368 1235 467 1296 χοιεν,
490 1213 629 1291 desivero:
648 1211 846 1281 κινδυνεύειν
862 1211 1063 1299 ἐκπληρῶσαι
1078 1215 1214 1281 ἕκαστον
1227 1213 1275 1289 εἰς

339 1323 405 1395 ἰδ
436 1329 555 1396 elector
576 1331 673 1416 μέρος
700 1325 737 1393 ed
766 1322 993 1415 ἆλλρλεγγύως
1023 1327 1209 1407 revererer,
1235 1328 1273 1408 ἐξ

370 1439 472 1531 οὕπερ
505 1444 588 1522 ὅλοις
621 1441 729 1527 ἔνοχοι
760 1444 910 1526 γεγόνασι
938 1449 992 1510 καὶ
1023 1441 1068 1531 μὴ
1096 1441 1133 1511 ad
1162 1447 1274 1510 senivor

368 1564 461 1646 χρέος
483 1556 571 1626 ἴδιόν
591 1581 679 1635 τινος
699 1563 843 1641 γινέσθω
865 1561 976 1648 βάρος.
1006 1559 1037 1626 ei
1058 1559 1096 1626 δὲ
1116 1565 1171 1626 καὶ
1185 1555 1275 1661 ἀπό-ι

369 1701 433 1767 ρως
459 1673 586 1759 ἔχοντες
608 1673 640 1743 oi
662 1674 772 1742 doinus
793 1687 938 1762 φανεῖεν,
960 1679 1025 1743 εἴτε
1046 1677 1180 1755 στάντες,
1208 1679 1274 1742 εἴτε

316 1877 326 1891 ,
369 1795 467 1870 τινές,
495 1795 560 1858 εἴτε
589 1792 634 1870 εἰς
655 1795 765 1877 μέρος,
795 1795 859 1858 sire
880 1792 927 1869 sic
954 1791 1146 1880 ὁλόκληρον,
1174 1793 1272 1878 dxci

369 1908 506 1983 ἄποντες
534 1903 647 1989 τυχὸν,
682 1911 738 1972 καὶ
764 1907 810 1985 εἷς
837 1906 941 1974 derivo
969 1907 1154 1989 derigendus,
1190 1905 1270 1991 ὅπερ

369 2023 484 2108 defflere
505 2019 596 2109 παρὰ
618 2023 684 2088 τῶν
706 2021 816 2091 ἄλλων
837 2019 897 2090 οὖν
918 2016 1086 2110 irruite,

256 2155 286 2208 et
307 2143 364 2208 hae
386 2142 505 2230 regniac
526 2140 757 2228 praemittendae
780 2152 865 2205 eunte

327 2256 356 2323 1.
391 2258 622 2323 deterreas
638 2278 706 2321 cram
725 2255 899 2342 Portieipio
922 2254 1007 2343 »gibt
1021 2254 1073 2322 das
1090 2253 1204 2322 Urtheil
1225 2255 1269 2320 ads

256 2355 303 2438 ein
314 2374 417 2449 reales,
434 2373 477 2436 als
493 2375 539 2437 ein
556 2371 650 2437 dureb
667 2371 714 2435 die
729 2369 1046 2460 Erscbeinungdedem
1062 2393 1097 2437 so
1114 2368 1269 2460 (objectis)

256 2487 320 2552 sich
341 2486 623 2552 herausstellendes:
653 2507 685 2549 ee
705 2485 786 2571 sript
805 2485 878 2570 ried,
903 2509 934 2551 es
957 2489 997 2551 ist
1020 2485 1162 2564 odeubar,
1187 2486 1268 2566 dass3

256 2604 438 2690 φαίνεσθαι
460 2605 514 2666 mit
537 2601 601 2666 dern
623 2599 751 2665 Infinitiv
774 2599 840 2688 gibt
862 2623 893 2667 es
916 2603 959 2666 als
983 2604 1031 2667 ein
1059 2601 1189 2680 solebes,
1215 2601 1268 2666 dns

256 2721 303 2784 ein
319 2717 442 2804 Subject
457 2718 520 2784 sich
535 2739 589 2783 uus
606 2715 658 2782 der
672 2716 877 2804 Erscheinuug
892 2721 1055 2797 entnimmt,
1078 2721 1137 2783 wie
1161 2715 1270 2783 coxere

254 2839 308 2900 nait
331 2835 396 2901 dero
411 2834 540 2900 Infinitir
564 2835 610 2898 ein
633 2835 696 2897 rein
719 2832 896 2917 subjectives
912 2831 1027 2897 Urtbeii
1043 2825 1266 2914 ansdrflckt«⁸),

254 2953 295 3015 ita
311 2965 345 3016 ut
359 2951 511 3039 legistator
525 2951 599 3035 ejus,
624 2947 707 3037 quod
723 2947 861 3013 creditori
879 2947 924 3012 vel
941 2946 1126 3013 debitoribus
1149 2947 1268 3015 tridea-

253 3077 333 3142 tur«,
357 3067 501 3132 rationem
524 3063 632 3129 babere
656 3085 717 3128 non
733 3065 875 3150 potuerit.
911 3062 1001 3147 Quod
1017 3085 1088 3129 vero
1102 3057 1266 3146 Riiclrert⁶)

253 3180 437 3266 φαίνεσθαι
451 3203 517 3246 corn
532 3180 694 3266 Participio
711 3179 749 3243 ad
765 3178 805 3257 id,
825 3177 907 3266 qnod
922 3177 1072 3244 bonorum
1089 3183 1266 3246 excussione

254 3292 330 3360 sactu
352 3299 537 3382 apparuerit,
561 3293 669 3360 referre
692 3294 797 3372 voluit,
822 3315 885 3359 earn
902 3297 1071 3382 opinionem
1086 3319 1148 3360 non
1164 3295 1266 3384 regula

254 3410 371 3498 quidem
402 3433 537 3475 amovere
565 3432 743 3497 possumus,
774 3409 824 3475 sed
848 3413 875 3475 ei
898 3410 962 3487 illa,
993 3431 1069 3498 ques
1091 3433 1187 3500 nuper
1213 3432 1265 3476 ex-

252 3527 436 3613 plicavimus,
459 3526 638 3612 opponenda
655 3539 733 3590 sunt.
768 3522 862 3590 Nemo
882 3539 979 3590 antem
995 3526 1124 3615 negabit,
1149 3527 1265 3611 pairs-

254 3643 336 3704 cras
364 3662 430 3704 cunr
453 3640 614 3728 Participio
639 3641 677 3705 ad
705 3640 736 3706 id
758 3644 901 3729 respicere
931 3664 1037 3728 posse,
1068 3641 1151 3730 quod
1169 3639 1264 3728 judici

252 3778 290 3820 ex
311 3755 489 3843 probatione
512 3759 641 3843 partium
665 3769 695 3822 et
710 3759 833 3844 propria
856 3778 961 3821 causae
983 3760 1152 3845 cognitione
1172 3778 1265 3844 appa-

251 3873 353 3936 ruerit.
391 3871 424 3937 ld
448 3875 524 3937 enim
547 3885 583 3937 nt
605 3893 678 3937 »aus
700 3871 752 3936 der
771 3871 997 3960 Ersebeinung«
1018 3886 1198 3960 perceptum,
1223 3875 1265 3936 ite

251 3981 464 3995 ——-—-

305 4025 326 4094 ⁸)
349 4025 460 4098 Krueger
476 4024 493 4080 1.
505 4025 521 4079 1.
541 4025 555 4097 5
569 4026 611 4094 56,
625 4026 650 4080 4.
670 4028 702 4082 A.
717 4027 741 4082 5.
772 4057 804 4068 -
832 4028 854 4098 ⁸)
878 4028 1001 4085 Rueekert
1016 4025 1032 4082 l.
1045 4025 1061 4082 l.
1080 4045 1104 4101 p.
1118 4027 1161 4082 62.
