2952 4556
699 293 859 398 *sn-

272 471 519 550 »inaeddrour«
553 476 698 540 rationem
725 472 840 539 hahuit.
885 471 1000 537 Deinde
1029 494 1096 538 rura
1122 471 1285 562 Imperator

273 613 338 656 eum
368 611 466 656 casum
495 593 702 678 proposuerit,
733 612 794 677 quo
821 593 888 678 quis
912 585 984 652 att.
1007 585 1215 664 ὑπευθύνους
1238 611 1286 654 ao·

273 710 391 794 ceperit,
415 719 540 794 uterque
557 705 674 772 debitor
689 705 801 782 iisdem,
824 705 934 793 quibus
950 706 1032 782 alter,
1050 703 1286 794 obligationibus

273 821 433 888 obstrictus
469 825 509 886 sit
540 834 674 909 oportet,
710 821 781 887 dum
812 821 954 887 Donelius
983 822 1105 887 alterum
1136 844 1152 886 e
1180 833 1284 901 mutuo

272 951 392 1025 accepto
415 951 445 1003 et
463 937 652 1023 fidejussione
668 937 847 1004 succedanea
863 950 1023 1015 contracta,
1047 937 1171 1002 alterurn
1187 947 1284 1000 autem

272 1075 311 1118 ex
333 1077 392 1118 una
406 1054 607 1140 fidejussionis
623 1075 712 1118 causa
728 1057 819 1119 teneri
835 1053 997 1120 contendit.
1035 1051 1138 1140 Neque
1153 1051 1191 1115 ad
1207 1073 1283 1128 eum,

269 1173 324 1258 qui
347 1169 537 1256 fidejussione
556 1184 670 1238 tantum
686 1183 813 1248 tenetur,
838 1169 961 1236 verbnm
977 1165 1123 1250 εένοχοιι
1139 1170 1285 1257 pertinere

272 1284 400 1351 ridetur.

244 1441 275 1480 μ
308 1401 453 1468 :Deinde
474 1401 677 1481 difficultates,
709 1425 784 1494 quas
806 1401 923 1470 Noas
946 1415 1028 1474 ortas
1054 1423 1118 1468 esse
1141 1399 1284 1465 Donellns

269 1521 429 1606 opinatur,
454 1541 533 1584 mera
556 1533 721 1586 commenta
744 1533 824 1586 sunt.
868 1518 945 1585 Nam
973 1520 998 1582 si
1022 1517 1062 1584 T·
1087 1515 1285 1605 principaliter

269 1637 409 1723 promisit
439 1648 468 1700 et
490 1634 537 1701 S¹¹²
562 1636 767 1724 fidejussorem
790 1636 886 1713 dedit,
917 1647 981 1700 turn
1011 1647 1108 1700 autern
1137 1635 1200 1720 ipse
1227 1651 1283 1718 pro

273 1749 311 1816 S⁰
333 1750 489 1837 fidejussit,
512 1751 685 1817 beneficium
709 1754 895 1818 excussionis
916 1750 1068 1839 quomodo
1084 1744 1283 1814 adhibendum

272 1869 321 1942 sit,
346 1866 470 1931 dubium
493 1888 556 1932 esse
581 1871 694 1954 nequit.

340 1961 423 2064 ¹Quae
444 1996 508 2047 turn
525 1982 561 2046 de
576 1996 683 2047 natura
697 1996 817 2048 mutuae
831 1981 1032 2069 fidejussionis
1047 1981 1190 2048 Donellus
1214 2001 1286 2067 pro·

272 2095 369 2163 sessus
393 2111 452 2174 est,
477 2099 539 2184 jam
563 2091 676 2180 antea¹)
700 2099 806 2184 rejecta
829 2111 908 2164 sunt.
949 2097 1093 2185 Superest
1114 2099 1220 2184 igitur,
1251 2106 1286 2160 ut

271 2212 446 2278 heneficium
475 2236 492 2279 a
515 2213 641 2280 Donelio
670 2215 832 2280 seeundum
855 2214 1009 2280 Bartoium
1036 2227 1066 2278 et
1087 2235 1153 2277 cum
1174 2209 1285 2278 Puien·

274 2328 380 2405 dorfio,
405 2328 593 2406 Schroetero,
617 2330 801 2396 Dedelrindio
817 2342 967 2419 acceptum
975 2324 999 2414 ³)
1016 2331 1180 2394 accuratius
1195 2348 1285 2392 excu-

272 2449 391 2510 tiamus.
430 2439 601 2528 Bartolus‘)
617 2449 868 2534 interpretationis
885 2468 956 2512 suae
969 2449 1114 2512 rationein
1128 2444 1205 2508 hanc
1218 2441 1286 2508 red·

274 2560 364 2626 didit:
389 2561 591 2626 »substantiae
615 2584 717 2627 eorum
741 2565 867 2650 qualitas
890 2560 1115 2638 examinabitur,
1140 2559 1223 2647 quod
1241 2569 1286 2622 est

273 2699 327 2764 per
350 2681 532 2755 sententiam,
556 2691 591 2743 ut
606 2678 647 2743 ibi
663 2691 745 2765 patet
761 2701 799 2744 ec
814 2679 1069 2754 ordinatiorem«
1093 2673 1284 2764 quamobrem

272 2793 354 2860 illum
379 2794 498 2860 »literae
522 2794 674 2860 ordinem«
697 2797 887 2882 inspiciamus
909 2816 1027 2860 necesse
1051 2805 1110 2858 esta
1157 2803 1164 2818 ⁶

316 2908 395 2975 Nor.
419 2909 471 2977 99.
496 2933 521 2977 c.
542 2912 565 2975 1.
591 2909 663 2996 §12
691 2909 903 2996 θεσπίζομεν,
931 2905 989 2975 cdv
1016 2913 1071 2994 τῆς
1096 2904 1285 2980 ὑποθέσεως

385 3023 594 3112 ἀκροώμενον
617 3025 706 3108 ἄγειν
728 3023 895 3102 κάκείνους
917 3020 1029 3101 οὐθεὶς,
1052 3029 1107 3088 καὶ
1121 3022 1211 3114 ιιοινῂ1
1225 3025 1285 3105 μὲν

386 3141 544 3220 ἐξετάζειν
564 3138 623 3228 τὴν
637 3139 805 3219 ὑπόθεσιν,
829 3138 939 3228 κοινὴν
956 3141 993 3206 δὲ
1008 3139 1138 3221 ἐπάγειν
1154 3139 1283 3224 ψῆφον·

385 3256 469 3322 οὕτω
496 3252 560 3341 γάρ
589 3259 644 3319 noi
673 3253 705 3321 oi
732 3256 841 3338 ἔνοχοι
870 3258 988 3333 πάντες
1010 3252 1285 3342 circumponatur,

386 3375 441 3436 arat
463 3363 482 3457 ἢ
506 3371 561 3456 τῆς
581 3374 767 3457 περιουσίας
790 3369 897 3439 αὐτῶν
919 3367 1051 3458 ποιότης
1068 3363 1285 3455 ἐξωσθήσο-

386 3510 454 3564 τοι,
485 3490 540 3550 καὶ
568 3482 604 3553 cd
628 3490 721 3575 χρέος
743 3481 862 3574 ὁμοίως
884 3491 944 3573 μὲν
966 3485 1049 3553 κατά
1072 3483 1131 3572 τὴν
1152 3483 1211 3551 cori
1234 3482 1285 3548 δι-

383 3604 486 3680 καίου,
509 3596 628 3687 ὁμοίως
652 3604 690 3670 dd
712 3601 794 3671 κατά
819 3601 878 3693 τήν
901 3605 958 3671 τοῦ
978 3603 1079 3688 νόμον
1093 3599 1188 3684 τάξιν
1201 3621 1285 3686 προ-

381 3715 523 3805 βήσεται.

324 3873 346 3944 1)
370 3874 420 3929 cn.
439 3875 508 3946 510.
536 3903 570 3917 —
597 3876 619 3946 Ι)
643 3875 693 3932 etr.
712 3877 764 3948 §d
778 3877 802 3933 7.
812 3877 838 3934 8.

323 3962 345 4034 ⁴)
367 3962 482 4018 Bar-tolus
500 3981 514 4018 a
532 3965 558 4020 S.
576 3963 621 4019 tl.
640 3964 669 4018 ad
687 3965 765 4020 Auth.
792 3967 846 4021 Hoc
863 3967 897 4020 ita
915 3965 942 4021 Ο.
961 3967 999 4020 cit.
1018 3963 1111 4022 ur.25.
