2952 4556
666 258 824 359 Α

238 442 335 531 lojano
358 443 456 508 locum
472 441 588 518 habeat.
612 439 797 507 Borchardio
814 453 945 506 mutuam
962 439 1182 528 fidejussionem
1204 465 1254 510 ve·

238 583 302 627 ram
324 564 417 625 risam
442 579 515 624 esse.
532 596 568 610 -
585 556 675 641 Quod
698 560 802 622 vitium
826 579 844 622 a
866 551 1091 645 Vangcrorio⁸l
1114 581 1175 624 non
1191 561 1254 624 evi·

238 689 329 753 tatur,
354 679 405 764 qui
428 676 580 762 proponit,
606 673 825 759 fidejussionem
849 686 981 738 mutuam
1003 677 1090 738 etiam
1115 675 1254 740 sicinini

237 813 343 880 posse,
367 801 402 856 nt
423 793 593 855 intercessio
616 791 705 854 tacita
727 790 856 854 motor.

306 906 343 974 de
366 898 531 994 Savigny’)
561 905 706 992 duplicem
731 918 851 970 mutuae
873 903 1075 991 fidejussionis
1098 927 1198 970 casum
1221 908 1251 970 in

237 1022 316 1090 Nor.
339 1019 383 1090 99
404 1018 623 1108 interpretanda
654 1024 802 1108 agnoscit:
832 1025 856 1084 si
886 1021 987 1108 plures
1016 1020 1165 1087 debitores
1195 1045 1251 1110 pro

237 1152 338 1228 parte,
362 1141 440 1208 etsi
463 1136 524 1202 duo
547 1137 685 1223 pluresve
712 1139 755 1200 rei
778 1135 970 1224 promittendi
993 1139 1117 1202 invicem
1140 1160 1197 1225 pro
1221 1159 1252 1202 se

237 1253 428 1341 fidejubeant.
476 1250 571 1336 Quem
593 1272 709 1328 casum,
741 1250 824 1339 quod
848 1254 942 1318 correi
972 1251 1098 1318 debendi
1127 1255 1251 1319 invicem

239 1368 296 1435 sibi
325 1368 516 1457 fidejussores
547 1371 739 1444 exstiterunt,
768 1366 952 1455 Papinianus
981 1371 1012 1433 in
1035 1367 1069 1434 L.
1089 1363 1126 1433 ll
1153 1391 1198 1455 pr.
1216 1367 1252 1435 de

239 1485 310 1552 duo.
326 1488 385 1551 reis
407 1489 449 1551 ita
471 1487 622 1562 tractavit,
653 1496 688 1549 ut
711 1483 902 1562 creditorem,
931 1488 956 1549 si
979 1486 1064 1562 velit.
1099 1506 1191 1549 unum
1214 1507 1253 1550 ex

173 1597 184 1610 '
238 1604 347 1667 correis
370 1622 426 1688 pro
450 1613 534 1687 parte
557 1613 592 1664 ut
612 1621 695 1664 reum
715 1601 921 1688 principalem,
946 1623 1002 1690 pro
1025 1613 1109 1688 parte
1131 1600 1253 1665 utlide-

232 1717 383 1804 jussorum
407 1715 518 1781 dixerit
538 1715 658 1780 alterius
682 1719 776 1780 correi
799 1720 957 1782 convenire
979 1738 1078 1804 posse,
1103 1736 1162 1803 qua
1178 1716 1253 1780 divi·

237 1835 322 1897 sione
343 1822 716 1917 secundumcujaciumw)
732 1835 839 1908 evenit,
863 1845 898 1898 ut
913 1855 982 1898 reus
998 1833 1107 1897 electus
1122 1843 1182 1896 tam
1200 1830 1253 1895 ad-

237 1969 342 2014 versos
381 1967 513 2012 correum
554 1948 698 2010 actionem
736 1947 866 2013 mandati
904 1959 1117 2036 consequatur.
1164 1967 1252 2035 quarn

237 2062 376 2128 creditori
391 2062 581 2148 exceptiones
598 2082 613 2124 e
631 2083 761 2148 persona
784 2067 877 2129 correi
903 2075 1101 2151 competentes
1124 2062 1253 2149 objicere

235 2181 343 2267 possit.
384 2176 467 2262 Quae
483 2177 637 2243 commoda
653 2176 788 2266 Savigny
802 2178 945 2246 beneficio
965 2181 1150 2246 excussionis
1166 2191 1252 2244 aucta

238 2295 275 2360 ad
298 2295 391 2359 solam
413 2293 623 2380 fidejussorum
648 2293 802 2359 utilitatem
825 2308 957 2383 spectare
974 2308 1087 2373 censet,
1112 2294 1252 2360 creditori
1320 2384 1324 2393 Ι

236 2424 334 2476 autem
367 2410 589 2496 fidejussionem
622 2422 753 2475 mutuam
789 2409 870 2476 haud
904 2411 1064 2477 admodum
1098 2410 1250 2498 prodesse,

237 2529 321 2615 quie
344 2524 489 2591 divisione
512 2527 555 2590 nil
577 2525 724 2590 commodi
748 2539 942 2615 percepturus
958 2529 1006 2591 sit.
1047 2525 1135 2610 Quod
1153 2539 1251 2591 autem

236 2640 275 2706 ad
296 2640 448 2707 Novellam
466 2639 508 2708 99
524 2645 678 2728 pertineat,
703 2641 904 2707 lustinianum
926 2664 942 2706 e
966 2647 1080 2708 ratione
1095 2642 1251 2730 Papiniani

237 2760 425 2822 constituisse
449 2756 534 2834 dicit.
564 2770 599 2822 ut
627 2758 754 2822 creditor
777 2779 869 2822 unum
892 2779 907 2822 e
931 2761 1041 2823 corneis
1065 2762 1127 2823 vice
1150 2770 1252 2822 mutua

234 2872 462 2959 fidejussoribus
479 2877 635 2938 convenire
652 2873 766 2950 debeat,
789 2896 850 2961 quo
866 2874 1037 2962 postulante
1053 2877 1140 2939 ceteri
1157 2876 1250 2940 correi

236 2989 429 3077 compellendi
452 2993 512 3056 sint
540 3003 575 3055 ut
603 2988 735 3055 debitum
764 3012 824 3054 una
854 3011 919 3055 cum
948 2989 1039 3055 electo
1068 2990 1249 3078 persolvant.

236 3102 438 3184 Creditorem..
466 3108 585 3192 cuijus
609 3106 760 3171 electionis
783 3107 825 3170 ita
848 3105 996 3170 adunatum
1020 3109 1160 3184 nonsit,
1192 3128 1251 3171 nna

236 3223 350 3284 actione
388 3233 482 3285 totam
517 3242 660 3284 summam
693 3223 820 3286 nancisci
855 3221 1006 3308 perhibet,
1042 3225 1083 3287 ita
1109 3235 1159 3299 nt,
1196 3224 1251 3287 etsi

234 3335 345 3400 nullam
367 3335 524 3400 utilitatem
539 3356 555 3399 e
570 3334 760 3420 fidejussione
783 3349 887 3402 mutua
903 3341 1008 3425 capiat,
1032 3349 1129 3404 tamen
1145 3359 1250 3403 rursus

235 3471 330 3537 neque
354 3450 446 3516 ullum
463 3448 601 3515 damnum
617 3473 762 3539 passurus
780 3455 835 3530 sit3
858 3455 916 3518 reis
940 3466 1038 3518 autern
1062 3453 1250 3518 commodum

233 3564 312 3632 Nor.
329 3563 373 3632 99
384 3567 467 3652 juste
490 3567 646 3655 indulgeri,
671 3570 722 3654 qui
738 3568 929 3654 fidejussione
944 3582 1047 3635 mutua
1068 3569 1251 3635 ostenderint

287 3832 310 3901 8)
333 3831 474 3906 Vangerow
487 3829 529 3886 l.l.
541 3850 566 3905 p.
576 3829 619 3888 88.
629 3830 672 3888 89.
692 3859 726 3872 -
744 3831 767 3901 9)
782 3831 891 3907 Savigny
903 3833 956 3890 obt
966 3835 997 3890 R.
1010 3834 1057 3890 Bd.
1066 3834 1084 3889 l.
1097 3851 1121 3907 p.
1132 3832 1185 3891 268
1195 3850 1249 3906 sqq.

233 3947 257 4003 p.
271 3928 323 3986 283
336 3948 391 4003 sqq.
420 3961 454 3971 -
483 3930 515 4000 ¹⁰)
540 3931 602 4004 opp.
615 3937 680 4004 poet.
699 3931 731 3986 T.
744 3931 763 3988 l.
782 3949 806 4003 p.
820 3931 880 3986 505.

1451 2199 1466 2280 t

1427 3367 1451 3515 τ
