2936 4554
647 277 807 378 *gea-

149 527 151 532 ,
221 461 427 549 unnsquisque
444 461 474 524 in
490 458 619 524 solidum
635 460 781 546 exigatur,
804 457 857 523 sed
872 459 988 523 interim
1004 460 1114 522 intuitu
1130 461 1231 546 partis,

219 599 276 665 pro
307 598 367 665 qua
390 579 518 663 quisque
539 586 672 651 tenetur,
702 573 831 640 creditor
853 585 882 638 et
905 586 1008 638 eontra
1029 573 1178 661 reliquos,
1208 577 1234 639 si

221 691 339 780 quidem
362 689 506 757 solvendo
530 703 559 756 et
580 703 750 778 praesentes
773 693 841 768 sint,
864 687 1024 776 procedere
1040 687 1147 755 debet«
1163 713 1234 755 oon·

151 786 155 794 ¹
220 807 381 884 eludimus,
411 806 602 883 creditorem,
626 809 678 893 qui
701 817 731 872 et
750 806 882 893 reliquos
906 808 1062 871 convenire
1080 805 1233 892 jubeatur,

219 945 287 989 eum
316 923 454 989 omnibus
484 925 613 1010 experiri
641 921 757 987 debere.
796 920 910 986 Deinde
934 920 1024 986 verba
1046 919 1074 1004 ξ.
1095 919 1122 986 1.
1158 921 1233 986 »sin

218 1053 316 1106 antem
339 1039 443 1104 iisdem
466 1039 539 1104 loeis
547 1089 553 1097 .,
562 1051 688 1125 uterque
704 1037 750 1102 rel
766 1060 868 1104 omnes
885 1031 1142 1118 commorentur¹),
1166 1059 1235 1102 san·

219 1159 327 1232 cimus,
357 1167 393 1220 ut
415 1153 513 1240 judex
540 1153 608 1217 illos
638 1147 799 1236 (omnes)²)
828 1156 926 1218 statim
954 1156 985 1218 in
1009 1155 1061 1239 jus
1090 1166 1177 1219 vocet
1205 1166 1235 1219 et

219 1273 413 1337 communiter
446 1289 564 1333 eausam
592 1271 754 1346 examinet,
790 1289 1033 1354 communemque
1061 1273 1233 1335 seutentiam

219 1385 303 1452 ierat.
340 1385 385 1450 lta
406 1387 483 1449 enim
506 1396 536 1449 et
559 1381 594 1454 de
617 1383 756 1448 omnibus
778 1386 836 1448 reis
846 1377 1071 1469 judicabitnr⁸),
1096 1398 1125 1450 et
1140 1406 1234 1473 quan-

218 1504 288 1566 titas
312 1500 495 1568 substantiae
510 1521 613 1565 eorum
629 1498 866 1566 examinabitur«
890 1512 921 1564 et
942 1497 960 1582 ἓ
977 1499 997 1564 2
1015 1521 1089 1587 »per
1103 1499 1232 1565 officium

219 1639 307 1682 suum
330 1619 416 1682 etiam
439 1616 506 1682 illos
529 1607 663 1704 eogendi,
687 1628 723 1680 ut
745 1637 850 1680 causae
869 1617 1013 1693 intersint,
1039 1628 1069 1680 et
1082 1637 1152 1702 pars
1169 1617 1232 1702 ejus

218 1733 311 1798 fiant«
334 1755 400 1798 oum
424 1732 480 1798 illis
503 1735 640 1819 principii
663 1733 887 1820 conjungentes,
912 1734 983 1818 qnia

267 1846 296 1913 1.
329 1846 459 1914 creditor
481 1860 585 1913 eontra
606 1870 707 1913 omues
722 1869 808 1936 agere
825 1846 920 1926 debet,
945 1850 970 1912 si
987 1848 1133 1936 »reliqui«
1147 1870 1233 1936 prae-

330 1977 428 2030 sentes
450 1977 479 2029 et
502 1963 646 2030 solvendo
671 1967 739 2040 sint,

206 2135 208 2144 .
263 2080 295 2147 2.
325 2079 422 2168 judex
451 2078 572 2156 deinde,
603 2083 629 2144 si
652 2101 754 2146 omnes
777 2091 946 2168 praesentes
969 2081 1044 2157 sint,
1076 2102 1178 2146 omnes
1195 2083 1233 2154 ,in

326 2197 378 2281 jus
403 2217 508 2261 vooare
526 2193 660 2281 jubetur,
674 2189 764 2277 ut⁸⁸)

194 2359 200 2368 ·
263 2311 303 2378 3..
330 2312 365 2378 tle
396 2308 534 2377 omuibus
563 2333 664 2390 eausa,
698 2315 842 2398 imprimis
870 2311 955 2399 qnod
982 2310 1021 2375 ad
1049 2310 1232 2379 substantiae

328 2428 447 2494 illorum
478 2427 648 2515 qualitatem
676 2430 818 2514 pertinet,
854 2430 1053 2505 examinetur,
1089 2450 1143 2494 nee
1170 2450 1232 2494 non

329 2547 493 2610 eommunis
516 2546 662 2609 sententia
683 2543 796 2609 feratur
819 2577 860 2587 -
884 2543 915 2609 h.
933 2566 958 2609 e.
982 2556 1018 2608 ut
1040 2565 1141 2610 omnes
1157 2558 1233 2611 tam·

330 2681 420 2746 wem
441 2661 485 2723 rei
508 2680 613 2724 causae
635 2662 781 2736 intersint,

218 2773 380 2840 seeundum
407 2772 526 2860 regulas
554 2793 729 2859 processus,
760 2777 812 2860 qui
840 2786 935 2837 aetate
962 2771 1123 2840 iustiniani
1152 2777 1232 2863 apud

216 2891 371 2957 Romanos
399 2891 430 2954 in
457 2909 517 2952 usu
539 2880 646 2970 παῖ’),
671 2887 892 2964 contendimus,
917 2909 1018 2953 omues
1040 2889 1233 2958 desiderante

218 3017 331 3089 caetere,
352 3025 448 3092 neque
462 3025 516 3068 reo
531 3003 702 3091 postulante
718 3003 763 3068 vel
770 3003 879 3088 jndice
895 3025 933 3068 ee
948 3003 1055 3095 officio
1070 3007 1231 3074 nonnullos

218 3116 375 3210 (reliquos)
405 3101 559 3186 odeilaote
581 3121 733 3185 conveniri
756 3117 871 3185 debere.
910 3121 947 3185 ale
971 3115 1136 3208 Savigny⁵l
1159 3135 1232 3189 tem-

217 3260 291 3327 poro
306 3239 469 3303 novissimo
482 3235 689 3301 adeitationem
703 3235 741 3300 ad
752 3258 840 3301 reram
851 3237 1052 3324 postulantem
1062 3241 1231 3319 restrinxit3

218 3375 283 3419 eum
307 3375 378 3418 vero
402 3374 482 3418 nova
504 3364 677 3440 argumenta
699 3374 762 3417 non
785 3352 932 3432 attulerit,
957 3352 1010 3417 sed
1033 3352 1072 3418 ob
1095 3367 1232 3420 naturam
1255 3345 1257 3352 ’

271 3555 292 3622 ¹)
316 3553 356 3610 Sic
379 3554 496 3623 evome
519 3551 627 3626 Vulgata
650 3554 751 3620 rectius,
780 3571 855 3626 quam
877 3554 1060 3628 Hombergkius
1083 3556 1232 3622 statimne«,

218 3651 348 3708 transtulit.
376 3651 426 3707 cfr.
444 3652 509 3723 Pape
525 3650 542 3705 l.
556 3650 573 3705 l.
592 3669 612 3706 s.
625 3651 650 3705 b.
663 3669 689 3706 r.
717 3682 751 3693 -
778 3651 800 3718 ²)
825 3651 1018 3723 ctr.§3e‚111.

269 3749 292 3820 8)
315 3751 415 3806 Rectius
433 3751 467 3804 ita
483 3748 664 3822 Homberglxius
683 3749 794 3815 silliaco,
813 3768 887 3822 quam
902 3750 1009 3824 Vulgata
1027 3749 1231 3823 »obligabantur«

217 3847 328 3914 reddidit,
346 3847 413 3919 quod
431 3848 530 3902 omnino
547 3845 638 3901 falsum
650 3855 694 3902 est.
714 3879 748 3888 -
765 3847 806 3918 ³⁸)
824 3847 858 3903 V.
871 3847 962 3904 Juliani
973 3849 1038 3919 llpit.
1052 3847 1137 3919 (supra
1149 3847 1163 3918 §
1176 3847 1230 3918 33).

271 3944 294 4016 ⁴)
316 3945 500 4004 Paetumsttt.
517 3943 707 4016 Bt2.§184.
727 3975 761 3986 —
779 3944 801 4018 ⁵)
820 3943 1229 4022 v.§13.net5.§15.n0t11.
