2936 4554
691 315 848 418 Q

330 499 444 566 Eodem
468 497 557 563 modo
580 477 767 563 lastinianus
789 499 820 562 in
842 501 908 584 ipsa
929 507 1034 562 nostra
1057 492 1279 563 Constitutione

263 619 381 705 saepius
393 613 577 680 Aduerbium
590 612 977 703 AdjectivoParticipioque
992 614 1165 700 conjunxit:
1181 610 1280 689 »ὅλως

263 728 401 814 ἔνοχυιι,
424 723 671 816 »ἆλληὶυγγύως
693 728 900 796 invassise«.

328 846 434 935 Neque
449 849 548 912 miuus
570 867 651 912 nunc
665 845 824 911 clarissime
839 858 930 934 patet,
955 844 1039 933 qnod
1053 843 1191 910 Julianus
1206 843 1278 932 Epi·
1318 874 1322 883 ¹

262 956 423 1046 tomator⁷)
446 965 578 1050 scripsit:
602 959 657 1027 »Si
672 963 724 1049 qui
744 965 787 1026 rei
804 960 997 1049 promittendi
1013 959 1132 1039 luerint,
1156 959 1191 1026 ul
1205 959 1279 1026 alter
1342 983 1356 1028 ‚⁴

262 1100 319 1166 pro
343 1078 436 1145 altero
458 1076 647 1165 fidejubeat«.
693 1075 768 1142 Nam
791 1081 905 1143 etiamsi
933 1075 1093 1142 admodum
1121 1075 1213 1142 libere
1236 1079 1279 1142 ita

264 1194 423 1272 transtulit,
439 1192 588 1258 Particula
603 1206 677 1259 »ut«
692 1206 790 1260 tamen
804 1196 876 1260 satis
892 1193 1114 1270 demonstravit,
1137 1191 1178 1270 td,
1195 1192 1278 1280 quod
1383 1251 1388 1264 ,

263 1310 337 1376 alter
358 1331 415 1397 pro
437 1308 530 1375 altero
546 1307 713 1397 fidejubeat,
738 1332 754 1375 e
775 1322 883 1376 natura
903 1310 1095 1399 obligationis
1113 1303 1277 1391 (comalio)
1377 1300 1395 1334 ‘·'

262 1424 421 1513 proficisci.

330 1538 456 1623 (Verum
480 1543 567 1606 ctiam
590 1543 616 1606 si
637 1562 700 1606 vox
716 1537 978 1627 »αλληλυγγύυςι
1001 1539 1223 1630 quodammodo
1239 1539 1278 1606 atl

262 1656 484 1743 fidejussionem
513 1669 673 1744 spectaret,
701 1679 764 1723 nou
793 1656 939 1724 credimus
968 1657 1001 1724 id
1029 1656 1117 1726 nobis
1147 1656 1276 1736 obstare,

263 1794 330 1838 oum
359 1785 388 1838 et
409 1773 483 1838 tales
505 1776 564 1850 rei,
596 1776 649 1860 qni
676 1775 718 1838 ita
739 1775 783 1838 rei
805 1776 881 1848 sint,
911 1787 947 1840 ut
973 1777 1098 1840 invicem
1125 1774 1198 1840 alter
1220 1795 1277 1860 pro

263 1890 355 1954 altero
370 1885 560 1975 fidejubeant,
584 1888 633 1954 alii
648 1891 690 1954 rei
712 1909 776 1954 esse
798 1903 955 1977 nequeant,
980 1912 1068 1979 quam
1091 1891 1113 1954 ii
1136 1901 1216 1968 sunt,
1240 1889 1277 1955 (le

263 2003 373 2092 quibus
387 2003 596 2092 Imperatorem
612 2007 758 2092 cogitasse
774 2003 854 2093 §pho
871 2009 1006 2094 sequenti
1020 2005 1207 2072 docebimus
1226 2003 1278 2070 Sic

263 2123 340 2185 enim
363 2119 560 2208 legislatorem
582 2125 679 2187 minus
695 2135 830 2188 accurate
844 2122 965 2211 quidem
980 2124 1134 2209 scripsisse
1148 2143 1166 2185 a
1188 2119 1277 2187 nohis

263 2235 384 2302 concedi
400 2249 560 2325 oporteret,
585 2237 638 2304 sed
660 2258 726 2303 cum
747 2233 820 2304 itt.
836 2229 892 2304 ῧπ.
907 2238 1116 2324 conjunctione
1131 2234 1277 2302 Aduerbii

262 2350 459 2436 etAdjectivi
481 2355 612 2438 inspecta
634 2353 804 2418 omnimodo
820 2357 863 2420 rei
885 2366 1001 2420 tantum
1023 2373 1086 2418 esse
1108 2365 1275 2441 pergerent,

260 2463 412 2553 probatio,
436 2488 512 2554 quac
530 2468 593 2552 jam
615 2470 797 2556 insequetur,
821 2469 989 2536 nullatenus
1011 2465 1242 2552 concuteretur.)

725 2643 813 2730 sao.

284 2774 315 2842 2.
338 2771 634 2865 illicientia:
656 2773 917 2857 ὑπευθύνους
945 2780 1135 2871 probatur
1158 2780 1253 2847 dues

528 2918 614 2962 reos
637 2897 890 2984 promittendi
913 2919 1005 2964 esse.

321 3040 561 3132 ’Λλληλεγγόως
583 3040 768 3114 ὑπεύθυνοι
790 3049 862 3116 tales
885 3052 927 3114 rei
950 3060 1036 3128 sunt,
1061 3052 1113 3136 qui
1136 3071 1172 3114 eo
1195 3052 1272 3138 ipso,

260 3159 342 3249 quod
364 3165 407 3226 rei
430 3175 509 3241 suut,
539 3162 679 3230 creditori
701 3167 827 3232 invicem
848 3187 904 3252 pro
928 3187 960 3230 se
982 3167 1167 3230 securitatem
1189 3187 1275 3252 prae-

259 3288 348 3353 stent,
371 3277 419 3340 vel
434 3280 486 3363 qui
508 3281 549 3341 ita
570 3281 614 3342 rei
637 3281 707 3356 sint,
731 3292 767 3343 ut
786 3283 910 3346 invicem
933 3263 1006 3346 alter
1028 3303 1085 3368 pro
1104 3281 1195 3346 altero
1212 3301 1275 3346 cre·

260 3390 351 3456 ditari
374 3390 498 3456 obnoxii
522 3395 590 3457 sint.
621 3391 706 3459 Unde
725 3397 869 3482 sequitur,
893 3391 1274 3472 illeoccasionem

260 3505 393 3592 damlicis
409 3504 604 3593 obligationis
625 3508 745 3575 vinculo
768 3514 870 3590 teneri,
895 3512 926 3577 id
949 3510 1032 3600 quod
1054 3534 1147 3600 paene
1171 3527 1293 3576 omnes

259 3620 420 3687 adversarii
433 3619 567 3688 arbitrati
579 3637 657 3704 sunt,
671 3625 725 3691 sed
737 3629 860 3692 omuino
872 3649 940 3692 reos
952 3648 1025 3707 esso,
1038 3649 1168 3716 quorum
1179 3627 1275 3692 amica

259 3736 403 3825 obligatio
431 3759 493 3804 eam
523 3738 652 3806 indolem
680 3741 802 3822 haheat,
831 3755 866 3808 ut
894 3743 982 3809 simul
1009 3747 1133 3810 invicem
1161 3765 1217 3831 pro
1241 3765 1274 3810 se

311 3983 333 4052 7)
357 3983 390 4038 v.
408 3981 471 4038 utra
489 3982 503 4057 s
518 3983 560 4040 33.
592 3937 597 3944 ’
