2936 4554
10 3749 18 3789 l

12 3625 17 3665 l

11 3869 25 3908 ὓ.

11 3959 28 4030 d·

11 4093 31 4150 all

622 325 783 426 -Q

193 503 292 581 babet,
317 505 453 590 quamuis
469 501 607 570 Asuerus
619 516 722 568 eontra
741 503 875 593 disputet
883 499 918 587 ²),
944 507 1113 593 opinionem
1130 527 1210 570 com·

195 642 312 684 munem
340 619 472 706 adjuvat.
524 620 658 684 asverus
695 623 789 698 cuim,
825 619 922 684 verbis
953 619 1071 686 Graecis
1107 625 1210 706 »Περὶ

195 727 441 821 ἄλληλεγγύωνι
464 737 622 823 inspeetis,
651 748 740 823 putat
766 737 972 802 translatorem
998 736 1210 825 obligationem

195 855 387 918 accessorium
414 854 610 938 praeteriisse.
662 850 753 934 Quod
779 856 805 918 si
833 852 965 930 lecisset,
997 875 1095 918 veram
1128 853 1210 918 verbi

196 963 622 1062 ’eliwawesuotionem
639 968 826 1055 neglexisset,
843 971 917 1057 quin
932 967 1008 1034 salso
1022 969 1208 1035 reddidisset.

194 1084 300 1164 Porro,
323 1088 393 1172 quia
409 1083 533 1149 verbum
556 1079 807 1169 »dllnlsryoocc
831 1107 893 1150 non
916 1107 989 1151 voce
1009 1088 1071 1150 »rei
1086 1089 1211 1173 promit-

194 1200 312 1279 tendi«,
337 1200 390 1266 sed
405 1200 536 1265 ’alterna
551 1198 743 1287 fidejussione
760 1200 905 1290 obligati«
920 1201 1082 1280 transtulit,
1107 1205 1213 1266 inscri-

194 1319 259 1403 ptio
275 1315 417 1382 Novellae
433 1314 609 1394 ostenderet,
632 1316 838 1381 translatorem
854 1319 1056 1404 inscriptionis
1073 1313 1210 1396 Graecae,

196 1434 222 1496 si
244 1431 283 1496 ad
304 1431 494 1518 fidejussores
518 1444 639 1496 mutuos
662 1434 831 1518 pertineret,
856 1433 966 1498 nullam
990 1436 1134 1498 rationem
1158 1435 1212 1498 ha-

195 1544 307 1611 buisse.
340 1547 432 1611 lmmo
448 1569 519 1611 vero
537 1549 728 1634 inscriptione
743 1547 849 1612 Latina
870 1560 994 1634 apparet
1009 1550 1123 1613 auctori
1140 1569 1212 1613 eon-

196 1665 316 1728 trarium
340 1666 515 1728 sententiam
541 1663 702 1749 placuisse,
734 1666 795 1728 sive
825 1666 1045 1749 inscriptionem
1071 1663 1211 1730 Graecam

197 1781 292 1855 novit,
316 1781 379 1844 sive
402 1782 561 1867 ignoravit.
590 1817 626 1828 -
654 1777 745 1861 Quod
764 1792 862 1845 autem
878 1779 970 1845 verba
993 1781 1125 1846 »alterna
1139 1780 1212 1846 fide·

192 1894 329 1980 jussione
346 1894 515 1982 obligatos«
532 1897 645 1973 attinet,
665 1908 770 1960 auctor
784 1895 930 1984 Vulgatae
949 1899 986 1961 iis
1000 1899 1103 1982 potius
1118 1895 1212 1961 lusti·

197 2013 335 2086 nianum,
364 2031 439 2097 quae
462 2011 502 2073 sit
524 2009 715 2098 obligationis
744 2012 882 2077 correalis
906 2015 951 2077 vis
974 2024 1063 2100 atque
1086 2011 1211 2088 indoles,

196 2126 373 2215 paraphrasi
385 2127 597 2212 exprimentem
609 2129 725 2204 imitari,
740 2148 827 2214 quam
842 2130 1011 2214 opinionem
1028 2149 1211 2193 communem

197 2242 316 2328 rejicere
338 2240 466 2306 ridetur.
511 2240 620 2306 Postea
649 2242 767 2329 quidem
797 2241 902 2330 »quod
926 2242 982 2308 sub
1006 2243 1118 2308 alterna
1140 2264 1213 2331 pro·

199 2360 338 2422 missione
362 2356 504 2422 creditum
528 2369 581 2434 est,
607 2369 662 2423 aut
684 2380 722 2423 ex
745 2380 805 2446 quo
830 2361 951 2423 omnino
976 2358 1099 2447 obligati
1121 2371 1212 2426 sunt«

198 2473 314 2562 legitur,
339 2471 531 2560 quamobrem
547 2477 647 2559 putari
663 2487 775 2562 posset,
795 2477 832 2539 iis
848 2473 947 2539 verbis
961 2477 1064 2562 priora
1080 2475 1213 2539 »alterna

135 2615 143 2632 ·
197 2589 389 2676 fidejussione
413 2589 554 2677 obligati«
579 2588 677 2655 denuo
693 2593 818 2678 repetita
834 2613 906 2656 esse.
944 2589 1011 2673 Quo
1030 2613 1100 2656 casu
1115 2603 1213 2656 tamen

199 2719 303 2771 auctor
325 2708 433 2770 rectius
458 2705 589 2768 »alterna
605 2706 867 2793 adpromissione«
885 2727 958 2770 usus
974 2719 1060 2782 esset,
1085 2718 1114 2770 et
1127 2728 1213 2792 prae·

198 2833 279 2885 terea
295 2819 381 2884 illud:
407 2832 478 2884 »aut
493 2841 531 2883 ex
547 2841 608 2906 quo
625 2823 746 2884 omnino
769 2820 891 2907 obligati
908 2832 1014 2896 sunt,«
1038 2833 1097 2884 tam
1114 2823 1213 2907 inepte

200 2948 230 3000 et
252 2933 405 3021 superfluo
424 2934 595 3011 addidisset,
620 2947 653 2999 ut
675 2937 754 2998 omni
771 2955 860 2998 sensu
876 2946 996 2999 careret.
1033 2935 1124 2998 lmmo
1142 2955 1212 2998 vero

201 3073 266 3116 cum
289 3049 466 3114 Particulam
490 3063 600 3127 »aum«
625 3071 709 3139 quae,
733 3061 836 3114 contra
858 3061 973 3114 textum
998 3047 1141 3114 Graecum
1169 3053 1214 3114 in-

201 3179 294 3243 serta,
330 3187 419 3232 sensu
454 3168 555 3254 inepto
585 3178 702 3245 utatur,
737 3187 802 3230 cum
831 3157 1055 3246 Heimbachio⁸l
1089 3186 1213 3251 prorsus

201 3281 372 3370 ejiciendam
396 3303 575 3360 censeamus,
599 3283 673 3347 nihil
696 3295 749 3358 est,
775 3280 858 3369 quod
881 3293 1023 3347 anostra
1039 3283 1215 3367 iuterpreta-

202 3402 283 3465 tione
301 3397 470 3475 abhorreat,
488 3401 560 3485 quin
576 3401 743 3486 posteriora
760 3397 864 3463 verba:
889 3396 958 3462 »ste
976 3400 1052 3462 enim
1068 3409 1097 3462 ot
1113 3419 1214 3461 omnes

200 3518 244 3581 rei
267 3513 499 3602 obligabantur«
523 3535 586 3579 eam
610 3517 731 3580 omuino
755 3512 896 3601 adjuvare
917 3512 1065 3579 videntur.

254 3679 276 3747 ²)
300 3681 412 3734 Asuerus
430 3695 454 3751 p.
468 3679 510 3734 56.

254 3777 277 3846 ⁸)
301 3778 330 3831 Ε.
343 3778 483 3842 Heimbaeb,
495 3776 679 3831 Autbentieum.
695 3774 790 3830 Novell.
803 3777 899 3831 constit.
913 3776 1004 3831 Justiu.
1017 3792 1080 3830 vers.
1095 3774 1215 3848 vulgatae.

205 3872 359 3928 1846-52.
378 3877 443 3930 Nov.
457 3874 499 3930 99.
519 3904 553 3915 -
572 3873 622 3930 dtr.
642 3873 711 3945 530.
729 3883 781 3929 nol.
794 3873 820 3928 2.

965 3969 1003 4026 9*
