2952 4556
711 353 766 395 vm

659 417 815 426 -ψ

311 513 576 586 Translationem
592 512 785 598 Haloandri,
803 513 899 584 hodie
919 511 987 583 sere
1007 511 1167 583 oblivione
1187 512 1244 583 ob·

231 649 352 724 rutam,
363 641 587 709 necessarium
602 637 683 707 dnxi
694 641 815 708 iterum
829 638 981 707 inlunem
995 636 1150 730 proferre,
1159 659 1244 730 quae

232 765 353 835 summi
370 765 404 830 in
416 761 554 833 Novella
571 774 687 833 nostra
703 761 947 854 interpretanda
964 763 1119 831 momenti
1134 759 1242 831 inerit

231 885 258 954 E
279 887 469 956 Germanica
494 909 568 956 mea
593 898 703 955 antem
720 891 887 971 versione,
916 889 944 955 si
967 885 1043 978 quid
1061 907 1180 976 parum
1198 885 1244 954 di-

233 1013 351 1082 stincte
370 1021 468 1103 atque
488 1011 573 1081 clare
593 1014 752 1102 scriptum
771 1033 845 1082 csse
863 1009 1015 1080 videatur
1031 1012 1065 1078 in
1082 1031 1244 1079 commen·

231 1139 364 1218 tatione,
383 1157 578 1228 cognoscas,
598 1157 776 1226 quaerere
794 1135 985 1226 placuerint

311 1259 444 1344 Restat,
470 1269 524 1342 nt,
551 1262 607 1350 qni
633 1258 670 1328 de
695 1259 758 1328 hoc
782 1281 855 1328 meo
873 1256 979 1327 libello
999 1259 1120 1348 optime
1137 1259 1243 1328 meriti

233 1394 321 1468 sunt,
334 1386 376 1454 iis
390 1385 555 1453 maximas
570 1383 623 1453 hic
638 1387 763 1476 gratias
781 1406 889 1476 agam,
908 1405 1049 1476 quornm
1061 1384 1094 1450 in
1108 1403 1242 1452 numero

232 1531 311 1600 prae
344 1512 460 1578 ceteris
490 1507 594 1576 multa
626 1506 725 1576 debeo
757 1507 882 1578 illustri
906 1507 1078 1576 Hemeseo
1102 1505 1241 1591 Rarrsrr,

227 1633 253 1727 j.
267 1655 300 1701 u.
320 1643 353 1702 et
369 1631 447 1724 phil.
467 1631 610 1717 doctori,
629 1633 662 1700 in
680 1631 848 1702 academia
865 1631 1043 1701 Kiloniensi
1060 1629 1242 1723 professori

231 1756 361 1849 publico
381 1756 554 1842 ordinario,
573 1756 787 1827 bibliothecae
800 1755 950 1847 publicae
969 1755 1114 1850 ejusdem
1128 1755 1243 1825 acade-

231 1885 316 1951 miae
335 1880 509 1972 praeiecto,
529 1882 609 1972 Regi
628 1904 649 1949 a
668 1879 811 1949 consiliis
831 1889 958 1964 status,
979 1878 1100 1948 ordinis
1116 1879 1243 1950 [ianne-

232 2005 358 2098 brogiei
373 2026 468 2075 cruce
487 2027 589 2072 aurea
607 2014 639 2071 et
657 2015 812 2094 argentea
827 2015 953 2086 ornato,
973 2005 1028 2094 qui
1043 2003 1152 2072 studia
1169 2026 1244 2073 mea

233 2132 335 2212 omni,
362 2151 445 2221 quae
466 2128 535 2221 ejus
562 2138 629 2210 est,
654 2127 853 2219 benignitate
877 2131 1094 2219 promoverit,
1118 2151 1242 2198 necnon

232 2253 356 2323 Illustri
382 2250 527 2322 Gnonmo
555 2251 693 2336 Conrro,
723 2252 800 2344 phil.
828 2251 953 2322 doctori
985 2263 1017 2320 et
1042 2253 1244 2344 eloquentiae

233 2388 331 2468 atque
344 2377 528 2446 litterarum
542 2379 751 2468 antiquarum
764 2380 797 2446 in
813 2376 923 2445 eadem
937 2379 1151 2446 universitate
1168 2399 1244 2468 pro·

233 2500 353 2570 sessori
376 2500 506 2592 publico
527 2499 705 2586 ordinario,
737 2505 793 2595 qui
818 2503 953 2571 comiter
981 2523 1046 2570 non
1070 2503 1242 2585 recusarit,

234 2628 311 2718 quin
335 2625 447 2716 plures
473 2628 669 2711 sententias,
696 2648 779 2717 quae
804 2629 836 2694 in
863 2625 927 2696 hac
949 2625 1177 2696 dissertatione
1200 2625 1243 2695 ad

232 2749 360 2819 litteras
394 2750 536 2820 Graecas
568 2753 764 2841 respiciunt,
803 2753 1006 2819 examinaret
1038 2749 1241 2842 easdemque,

234 2884 393 2966 qnantum
413 2875 483 2969 ejus
504 2884 582 2957 crat,
604 2873 817 2958 confirmaret,
839 2873 972 2966 denique
992 2876 1191 2943 amicissimo
1211 2884 1244 2943 et

232 2998 495 3092 praeclarissimo
511 3001 636 3069 concivi
652 2998 684 3069 (ἶ.
694 3000 731 3067 R.
748 2999 999 3082 Votonnmsns,
1014 2998 1091 3090 phil.
1108 2999 1242 3082 doctori,
1339 3041 1343 3049 ·

234 3126 290 3216 qni
306 3146 435 3193 mecum
460 3123 639 3216 corrigendi
662 3146 746 3193 onus
766 3126 1006 3216 gratiosissime
1023 3125 1057 3192 in
1076 3145 1112 3192 se
1131 3144 1243 3193 susce·

232 3250 325 3340 perit.

312 3387 436 3482 Scripsi
454 3387 592 3458 Berolini
611 3410 723 3458 mense
741 3387 922 3481 Septembr.
941 3389 979 3457 A.
995 3387 1229 3459 nneectvfl.

901 3672 1083 3744 Andron„
