2936 4554
616 323 776 422 *ΙΙ-

189 504 279 571 rebus
301 505 474 592 personisve
490 524 582 591 aeque
599 501 767 582 adhibetur,
792 525 807 568 e
831 503 940 592 quibus
967 505 1201 571 ceteris-relictis

189 642 250 686 una
265 622 401 686 sumitur.
433 618 516 703 Quae
531 620 687 706 explicatio
705 619 912 686 confirmatura
935 617 1019 704 516.
1034 621 1062 686 1.
1079 620 1116 686 de
1139 619 1199 687 obl.

190 757 229 801 ex
243 734 300 800 del.
313 735 346 802 L.
359 732 409 800 lo.
426 732 444 818 5
460 733 474 800 1
494 734 646 823 depactis.
661 736 696 803 L.
709 732 762 801 36.
774 733 825 819 53
842 735 927 802 dell.
941 737 976 802 Ρ.
991 736 1025 803 Ι.
1039 733 1059 802 5
1073 735 1109 801 de
1122 759 1200 802 com·

189 864 305 939 pensat.
320 851 355 918 L.
367 848 411 918 56
426 850 567 916 mandati.
582 850 617 917 Ι.
630 849 651 917 3
667 851 704 916 de
719 863 834 918 testam.
851 853 934 918 milit.
957 852 992 919 Ι.
1005 849 1025 918 5
1041 875 1087 939 pr.
1109 851 1144 918 Ι.
1158 850 1200 917 33

190 967 226 1034 de
242 969 298 1056 leg.
313 969 336 1034 l.
359 967 394 1034 L.
407 963 563 1050 8.53de
578 965 681 1055 legll.
707 968 740 1032 L.
757 965 800 1034 76
815 990 862 1056 pr.
879 967 915 1034 de
929 968 969 1032 V.
987 966 1023 1034 0.
1046 967 1081 1034 Ι.
1098 963 1202 1051 2.ἓὸ

190 1083 228 1149 ad
240 1085 273 1150 L.
286 1085 426 1170 municip.
438 1083 473 1150 L.
483 1081 513 1149 1.
526 1081 561 1149 C.
573 1081 610 1148 de
621 1082 730 1169 jurisd.
744 1107 824 1149 omn.
836 1084 903 1171 jud.
920 1083 991 1149 L.7.
1007 1081 1026 1167 5
1041 1081 1056 1150 1
1072 1081 1106 1149 C.
1119 1082 1203 1171 quod

190 1223 257 1266 cum
279 1223 315 1266 eo
337 1197 462 1268 Lac.
480 1198 517 1265 de
540 1198 631 1264 divid.
652 1212 709 1266 tut.
732 1199 767 1266 L.
787 1198 803 1266 1
822 1198 856 1266 C.
874 1200 910 1266 de
932 1198 1002 1267 furt.
1025 1197 1151 1267 Ι.5(1.
1167 1199 1203 1265 de

189 1316 322 1403 fidejuss.

259 1429 354 1514 Quam
370 1433 523 1496 notionem
538 1451 604 1496 cum
620 1430 658 1496 ad
675 1430 871 1518 obligationes
889 1432 1019 1517 plurium
1036 1430 1204 1500 debitorum

192 1545 346 1612 solidariae
376 1547 572 1634 applicamus,
606 1548 735 1634 primum
763 1547 845 1611 nulla
876 1547 1055 1635 probatione
1080 1549 1203 1636 indiget,

191 1666 335 1728 neminem
357 1685 414 1751 pro
437 1675 521 1751 parte
544 1663 621 1751 eligi,
645 1661 728 1750 quod
751 1675 849 1751 aperte
872 1684 993 1751 quoqne
1007 1663 1042 1730 L.
1059 1661 1079 1731 9
1096 1661 1115 1747 5
1133 1663 1148 1728 1
1168 1663 1204 1729 de

191 1777 296 1844 tribut.
309 1791 365 1844 act.
381 1779 415 1844 L.
426 1776 481 1844 47.
498 1774 516 1862 5
532 1776 552 1843 3
569 1778 605 1843 de
620 1779 747 1867 peculio.
770 1778 805 1845 Ι.
821 1777 864 1845 47
879 1779 978 1845 locati.
1002 1779 1036 1846 Ι.
1047 1778 1088 1847 10
1104 1803 1150 1868 pr.
1168 1779 1204 1844 de

191 1894 324 1982 fidejuss.
345 1895 379 1962 L.
388 1893 419 1959 2.
432 1892 467 1960 C.
484 1897 532 1960 cit.
549 1892 621 1961 Ι.6.
636 1893 670 1961 C.
682 1895 781 1961 Arbit.
797 1907 854 1960 tut.
870 1894 903 1961 L·
911 1893 941 1961 3.
959 1894 1011 1962 23.
1029 1895 1064 1963 C.
1081 1896 1205 1962 defide-

187 2012 302 2098 jussor.
318 2011 496 2077 excluditur.
518 2009 616 2077 Porro
631 2024 729 2078 autem
744 2035 811 2078 cum
827 2015 999 2079 exercitium
1015 2012 1205 2101 obligationis

192 2131 404 2215 peractionem
420 2127 481 2206 liat,
504 2149 567 2193 non
582 2131 732 2208 miramur,
757 2128 840 2216 quod
861 2133 893 2194 in
908 2129 955 2194 bis
972 2126 1205 2216 obligationibus

187 2245 396 2332 jurisconsulti
410 2243 538 2311 Romani
561 2245 729 2313 electionem
751 2248 909 2332 praecipue
932 2244 969 2311 ad
993 2247 1136 2311 actionem
1160 2265 1206 2310 rc·

192 2359 306 2441 ferunt,
335 2364 408 2450 quin
431 2362 495 2427 sola
518 2383 552 2427 ea
574 2383 648 2427 voce
670 2385 726 2450 pro
748 2365 814 2450 ipsa
837 2365 951 2428 actione
974 2362 1064 2429 electa
1085 2362 1132 2426 rel
1155 2360 1206 2427 eli·

192 2478 290 2566 genda
311 2491 447 2546 utuntur.
493 2478 527 2545 Ι.
548 2476 592 2544 47
613 2481 662 2544 cit.
684 2479 875 2545 »electionem
903 2478 1096 2546 conveniendi
1119 2499 1207 2566 quem

193 2594 295 2660 velit«.
318 2596 353 2661 L.
373 2592 401 2660 1.
420 2591 494 2677 517
512 2593 548 2659 de
563 2599 684 2661 exercit.
700 2608 756 2660 act.
780 2595 815 2662 L.
833 2593 886 2662 33.
903 2593 921 2680 5
938 2595 968 2662 2.
991 2595 1026 2662 L.
1043 2593 1087 2660 38
1107 2616 1154 2682 pr.
1171 2593 1207 2658 de

194 2711 302 2776 admin.
324 2723 382 2776 tut.
404 2712 439 2776 L.
457 2709 510 2777 35.
533 2707 588 2794 56
613 2711 649 2776 de
670 2734 709 2775 m.
728 2733 752 2775 c.
772 2711 873 2777 donat.
896 2712 931 2776 L.
949 2709 1001 2776 52.
1023 2709 1089 2794 53.
1111 2710 1146 2774 Ι.
1164 2706 1204 2774 71

195 2825 231 2891 de
245 2825 414 2911 fidejussor.
437 2827 472 2892 Ι.
488 2825 516 2890 1.
534 2823 569 2891 C.
586 2825 622 2891 de
636 2825 715 2911 fidej.
732 2837 788 2890 tut.
811 2826 847 2890 L.
863 2825 894 2889 2.
912 2824 946 2890 C.
964 2829 1012 2890 cit.
1034 2824 1069 2891 L.
1085 2820 1148 2889 166
1171 2823 1207 2888 de

194 2939 363 3027 fidejussor.
379 2953 409 3005 ct
422 2941 457 3006 L.
468 2937 496 3005 1.
513 2938 531 3022 5
547 2936 590 3005 43
606 2938 745 3026 depositi.
768 2939 803 3004 L.
819 2935 873 3003 47.
890 2935 908 3022 5
924 2937 944 3004 3
961 2942 1009 3003 cit.
1032 2939 1067 3003 L.
1081 2935 1135 3004 59.
1152 2936 1170 3021 5
1187 2936 1207 3003 3

195 3055 336 3122 mandati.
358 3055 393 3121 L.
407 3051 449 3119 45
466 3053 503 3118 dc
518 3053 681 3120 administr.
698 3067 755 3119 tut.
778 3055 813 3120 Ι.
826 3052 869 3120 39
885 3055 921 3120 de
936 3054 1104 3141 fidejussor.
1128 3054 1163 3119 Ι.
1177 3051 1206 3121 3.

196 3169 228 3238 5.
247 3169 298 3238 19.
316 3169 369 3236 20.
387 3167 439 3235 21.
457 3166 510 3235 23.
527 3167 570 3235 28
586 3167 621 3235 C.
638 3169 705 3235 eod.

262 3284 356 3353 Nemo
379 3289 507 3374 ignorat,
531 3287 564 3351 L.
581 3284 635 3353 28.
657 3284 692 3352 C.
714 3289 763 3352 cit.
785 3290 1020 3354 consumtioncm
1043 3309 1131 3377 mam
1153 3311 1209 3355 vo-

196 3415 264 3470 cant
284 3402 502 3492 processualcm
529 3423 582 3490 per
602 3402 803 3470 Justinianum
832 3404 978 3470 sublatam
1001 3417 1031 3472 et
1051 3405 1209 3492 fidejusse-

194 3543 262 3588 rum
283 3532 350 3586 cett.
374 3519 570 3608 obligationes
593 3522 713 3585 omnino
741 3520 947 3588 mandatorum
970 3521 1134 3588 conditioni
1156 3542 1209 3589 cx·

196 3650 336 3726 aequatas
360 3659 434 3703 esse.
463 3633 541 3702 (lum
561 3649 659 3702 autem
675 3639 706 3702 in
721 3638 929 3705 mandatorum
944 3639 1142 3726 similiumque
1159 3639 1209 3703 de·

195 3752 327 3818 bitornm
358 3750 591 3841 obligationibus
620 3757 734 3820 actione
762 3758 793 3820 in
823 3756 946 3822 alterum
974 3758 1110 3821 instituta
1132 3757 1208 3818 actio

197 3867 341 3934 adversus
369 3869 493 3938 alterum
522 3882 691 3957 competens
713 3891 775 3936 non
798 3885 1037 3949 consumeretur,
1068 3869 1151 3958 quod
1179 3873 1209 3934 in

199 3982 431 4071 obligationibus
448 3985 576 4053 duorum
598 4009 718 4053 reorum
742 4000 809 4054 cett.
826 3991 974 4055 contrario
996 3986 1086 4052 modo
1103 4008 1134 4052 se
1156 3987 1210 4052 ha·
