2936 4554
656 293 818 395 ..43²-

299 476 331 544 4.
366 474 400 544 st
423 474 551 544 creditor
572 472 715 539 adversus
736 495 871 540 correum
886 473 1023 562 aliquem,
1048 477 1099 561 qui
1115 474 1247 542 litiscon·

232 594 413 664 testationis,
428 603 575 657 momento
606 603 667 655 tam
695 588 838 682 solvendo
869 611 957 677 qnam
985 611 1124 678 praeseus
1146 590 1246 666 fuerit,

233 721 373 797 expertus
404 709 457 784 sit,
486 709 511 772 is
541 718 637 770 autem
665 717 771 792 postea
793 709 856 770 siue
878 705 986 770 herede
1009 705 1182 784 decesserit,
1212 727 1247 770 ea

231 847 279 893 res
302 823 341 889 ad
364 843 441 888 onus
465 832 628 886 ceterorum
651 843 689 886 ex
711 819 812 886 eadem
834 823 949 888 ratione
973 833 1095 909 spectat.
1173 895 1178 902 ,

300 938 331 1004 5.
364 937 551 1004 Justioianus
584 957 727 1024 apparere
761 957 850 1023 posse
881 934 965 1014 dicit,
999 937 1147 1026 reliquos,
1182 939 1246 1003 sive

233 1077 344 1132 omnes,
369 1055 432 1117 sive
455 1049 601 1141 quosdam
623 1073 662 1116 ex
684 1053 730 1128 iis,
755 1053 816 1116 sive
839 1073 896 1139 pro
919 1064 1013 1139 parte,
1037 1053 1100 1117 sive
1121 1055 1152 1116 iu
1174 1053 1246 1118 soli-

233 1170 303 1236 dum
333 1167 477 1234 solvendo
505 1189 567 1232 uon
597 1187 675 1244 esse,
706 1187 766 1256 qua
788 1169 934 1232 sententia
956 1187 1033 1254 quos
1056 1188 1143 1234 casus
1165 1190 1247 1233 corn-

231 1283 434 1374 prehendcrit,
468 1284 527 1348 hoc
555 1283 690 1370 exemplo
722 1281 887 1348 docendum
917 1295 978 1349 est:
1005 1281 1065 1348 Fac
1091 1283 1154 1378 Lm,
1178 1283 1243 1362 Tm,

232 1399 292 1478 Sm,
317 1397 406 1483 ΨΟ
429 1402 459 1464 in
482 1396 610 1464 solidum
625 1398 779 1486 stipulanti
795 1398 933 1463 creditori
948 1401 1131 1486 promisisse.
1168 1398 1246 1464 Eve-

230 1519 295 1582 uire
316 1527 426 1605 potest,
450 1527 485 1580 nt
508 1513 568 1593 Sffi,
593 1514 658 1592 Tm,
681 1513 730 1580 Lm
756 1511 901 1580 solvendo
925 1536 987 1579 non
1010 1535 1073 1580 esse
1093 1528 1243 1604 appareat,

231 1654 293 1720 quo
322 1652 394 1696 casu
417 1628 455 1713 Q·
480 1627 504 1696 C
534 1631 650 1695 solvere
679 1627 775 1695 debet.
815 1628 928 1694 Deinde
957 1633 983 1694 si
1004 1630 1042 1697 L·
1066 1643 1097 1696 ct
1119 1630 1160 1695 T·
1184 1629 1246 1696 sol·

231 1745 329 1812 vendo
359 1749 419 1810 sint
446 1767 502 1834 pro
531 1757 631 1833 parte,
662 1743 697 1810 S·
721 1743 866 1810 solvendo
895 1748 1016 1810 omnino
1040 1767 1102 1811 non
1125 1749 1242 1824 existat,

233 1862 271 1947 Q·
295 1874 393 1929 autem
420 1864 478 1926 toti
501 1860 602 1926 debito
626 1858 770 1925 solvendo
794 1859 937 1938 sulliciat,
970 1859 1008 1944 Q·
1031 1873 1146 1948 partem
1172 1883 1244 1949 pro·

230 1981 325 2067 priam
355 1990 385 2042 et
410 1989 524 2064 partem
546 1974 609 2062 Seji
637 1975 742 2040 solvet.
782 1975 861 2040 Tum
888 1979 914 2041 si
937 1977 973 2042 L·
997 1999 1054 2063 pro
1076 1988 1161 2064 parte
1184 1977 1245 2042 sol·

230 2092 328 2160 vendo
352 2096 406 2171 sit,
430 2089 466 2158 S·
490 2113 527 2158 ne
548 2103 662 2180 partem
686 2090 805 2180 quidem
828 2091 943 2157 solvere
966 2104 1064 2179 queat,
1090 2092 1132 2157 Τ·
1154 2104 1184 2158 et
1199 2091 1243 2176 Ω·

231 2231 308 2275 onus
332 2206 368 2276 Si
390 2207 583 2297 irrogabitur,
607 2209 687 2295 quia,
711 2209 737 2271 si
760 2206 807 2271 vel
824 2229 903 2272 uuus
920 2210 951 2272 iu
965 2207 997 2272 id
1012 2219 1137 2285 tenetur,
1161 2206 1244 2295 quod

230 2325 268 2416 als
296 2325 360 2400 aliis
387 2327 478 2411 recipi
506 2345 569 2389 non
594 2325 710 2410 potuit,
739 2325 914 2388 erratione
937 2323 1010 2411 legis
1033 2323 1126 2390 multo
1149 2326 1244 2411 magis

230 2445 261 2507 in
284 2413 363 2512 dude
386 2459 515 2515 corneos,
539 2439 592 2524 qui
614 2435 758 2501 solvendo
783 2450 862 2516 sunt,
887 2437 961 2504 illud
981 2438 1178 2504 distribuatur
1191 2459 1260 2510 ne·‚

231 2577 311 2623 cesse
334 2567 389 2620 est.
427 2553 614 2618 Postremum
637 2553 663 2615 si
683 2551 722 2618 L·-
745 2574 801 2638 pro
824 2551 895 2631 XX,
920 2552 956 2619 S·
979 2576 1035 2643 pro
1054 2553 1123 2632 XV,
1148 2554 1188 2619 Τ·
1212 2558 1243 2620 iu
1363 2609 1366 2614 .
1455 2525 1456 2532 ἵ

231 2670 375 2748 solidum,
400 2668 440 2753 Q·
463 2689 519 2756 pro
547 2689 602 2732 sua
623 2679 707 2755 parte
730 2666 873 2734 solvendo
897 2671 945 2746 sit,
970 2669 1011 2734 Τ·
1034 2669 1090 2735 XL
1105 2669 1244 2736 condem·

231 2786 360 2854 nabitur.
395 2787 498 2876 ltaque
514 2785 608 2852 dicere
623 2805 794 2873 possumus,
819 2805 974 2873 quemque,
990 2797 1084 2873 prout
1098 2784 1242 2851 solvendo

231 2908 278 2984 sit,
292 2903 478 2969 condemnari
491 2893 642 2982 debere').
668 2898 744 2983 Quia
756 2911 854 2966 autem
872 2903 913 2965 ita
925 2898 1113 2966 condemnari
1125 2899 1241 2978 debent,

231 3024 272 3087 ita
301 3033 330 3084 et
358 3021 509 3085 conveniri
537 3028 675 3104 possunt.
714 3015 815 3082 Bonae
837 3016 907 3081 fidei
929 3016 960 3080 id
984 3015 1138 3082 divisionis
1161 3019 1244 3104 prin·
1340 3067 1346 3074 .

231 3139 340 3225 cipium
362 3155 540 3222 congruere,
570 3133 637 3197 alio'
652 3123 762 3214 loco²⁰)
787 3130 1069 3208 demonstravimus,
1098 3129 1244 3219 quamob-

230 3275 301 3328 rem,
326 3272 392 3315 cum
415 3252 514 3314 omnia
533 3248 645 3336 judicia
665 3246 825 3312 Justiniani
846 3260 978 3336 tempore
994 3260 1129 3313 naturam
1146 3247 1243 3312 bonae

229 3367 298 3433 fidei
312 3365 494 3454 judiciorum
510 3375 683 3452 sequautur,
703 3367 732 3429 in
744 3363 822 3431 Nov.
836 3363 879 3432 99
895 3363 1092 3453 legislatorem
1107 3375 1242 3429 naturam

230 3482 364 3548 beneficii
388 3479 552 3558 divisionis,
578 3481 664 3569 quale
687 3493 750 3547 turn
773 3480 870 3559 luerit,
894 3481 1086 3570 descripsisse
1109 3492 1241 3570 apparet.

286 3663 318 3733 19)
336 3665 428 3719 anon
446 3663 524 3717 Faber
540 3661 586 3717 tt
604 3661 644 3718 ne.
657 3663 706 3730 xi,
730 3682 750 3718 ε.
763 3665 794 3731 4,
815 3683 889 3736 quem
909 3663 1024 3740 senno,
1040 3664 1086 3720 ii
1104 3647 1195 3720 nien
1219 3673 1244 3721 o

232 3763 363 3818 Grotelend
379 3763 395 3817 l.
407 3761 425 3816 l.
443 3781 467 3835 p.
481 3762 515 3816 57
534 3771 679 3834 sequuntur,
696 3759 758 3816 falso
776 3765 851 3838 igitur
869 3765 980 3836 opinatus
1000 3772 1050 3829 est,
1074 3763 1244 3836 obligationem

231 3859 366 3916 secuudum
382 3859 510 3916 Nouellum
527 3862 581 3932 ipso
595 3861 652 3931 jure
670 3861 772 3915 divisam
790 3879 851 3917 esee.
880 3861 930 3918 cir.
950 3861 1008 3916 diss.
1027 3879 1061 3914 m.
1079 3859 1096 3915 l
1116 3859 1185 3932 550.
1199 3859 1242 3914 51.

284 3957 318 4028 ⁹⁰)
344 3958 441 4014 Videsis
459 3958 518 4016 diss.
536 3976 570 4012 m.
588 3957 604 4012 l.
624 3957 654 4029 §5
672 3958 723 4013 citt
1254 3967 1260 3977 ·
