2952 4556
658 295 817 398 *ss*

233 479 358 546 tutionis
380 491 466 544 antee
486 476 563 542 latse
584 479 760 564 repetiisset,
782 497 845 542 non
866 487 980 542 tantum
1003 475 1167 565 superfluo,
1191 477 1245 546 sed

234 597 322 662 etiem
350 592 426 660 falso
454 593 518 679 ejus
546 593 697 658 materiam
720 585 953 680 descripsisset⁶l
980 627 1017 640 -
1044 590 1244 682 Stipuletione

234 723 332 778 autem
358 712 490 798 inspecta
519 711 545 774 si
573 709 730 794 separatim
757 708 893 796 singulos
920 730 976 796 pro
998 705 1087 796 ‘purte
1110 731 1245 798 spopon-

234 825 327 904 disse,
350 828 393 891 its
414 837 449 891 ut
470 837 530 890 tam
552 845 608 913 pro
632 827 744 912 aequis,
768 845 857 911 quam
881 845 936 912 pro
960 823 1085 890 diversis
1106 824 1243 913 partibus

233 965 265 1010 sc
288 941 483 1030 obligassent,
512 942 722 1027 acciperemus,
752 938 853 1005 eadem
876 940 1168 1028 argumenta'locum
1190 941 1244 1006 ba·

232 1057 346 1136 herent,
362 1060 408 1124 sin
425 1077 496 1122 vero
512 1056 691 1144 conjunctim
703 1056 858 1142 stipulanti
873 1055 1012 1123 creditori
1026 1059 1242 1144 promisissent,

234 1177 438 1262 legumentum
460 1175 611 1259 posterius
632 1184 747 1238 tantum
771 1175 885 1259 opponi
906 1185 1019 1261 posset.

287 1287 351 1378 lV.
385 1285 556 1354 Secundum
578 1285 719 1354 Novellce
744 1301 933 1378 praeceptum
956 1309 995 1354 ex
1018 1288 1163 1353 sententia
1182 1285 1244 1352 lde·

233 1403 350 1472 leandri
367 1403 431 1470 boc
445 1416 505 1469 est:
529 1402 562 1470 Si
579 1397 652 1468 ἄλλ.
666 1399 848 1470 ὑπεύθυνοι
863 1399 1032 1492 adjederint',
1049 1407 1135 1469 etiam
1151 1403 1247 1492 unumf

233 1525 264 1587 in
280 1519 416 1586 solidum
437 1523 531 1586 teneri
553 1517 673 1597 debere,
698 1523 792 1586 correi
815 1519 956 1597 debendi,
980 1522 1034 1608 qui
1055 1522 1119 1585 vice
1140 1531 1245 1584 mutua

211 1613 215 1648 ²
230 1636 422 1724 fidejussores
445 1648 525 1712 sunt,
548 1633 716 1703 efficiuntur
736 1649 766 1702 et
780 1657 882 1702 omnes
897 1647 1067 1723 praesentes
1082 1655 1143 1700 uns
1156 1634 1245 1700 simul

234 1755 349 1818 actione
372 1749 566 1818 conveniendi
581 1764 611 1817 et
624 1751 733 1830 idonei,
757 1765 904 1841 quatenus
925 1751 1025 1817 idonei
1046 1753 1243 1828 invenientur,

234 1867 372 1934 creditori
394 1888 450 1955 pro
473 1865 609 1954 partibus
632 1865 724 1931 debiti
746 1870 839 1933 totius
859 1867 1074 1934 condemnandi
1096 1878 1176 1933 sunt.
1203 1903 1240 1918 -

235 1983 302 2068 Qua
324 1982 361 2049 dc
383 2005 415 2048 re
437 1982 510 2049 haec
532 1982 618 2048 velim
640 1981 823 2072 perpendes:

235 2123 448 2150 ..μ-...κ

287 2219 309 2289 ⁶)
333 2217 439 2276 suum
456 2235 480 2290 p.
494 2215 553 2272 133.
572 2215 617 2272 eol
629 2217 648 2272 l.
672 2235 728 2272 cum
746 2217 885 2276 lisloandro
904 2219 985 2275 verbis
1007 2237 1058 2274 »ex
1073 2235 1152 2291 aquo
1169 2218 1244 2274 actio·

234 2335 290 2374 nem
301 2318 452 2372 sustinento·
463 2315 567 2372 edicunt
579 2333 662 2371 revera
673 2319 751 2372 inesse
764 2319 884 2390 opinatur,
902 2317 970 2390 quod
985 2325 1067 2372 ronna
1079 2317 1244 2388 objectionem,

233 2416 414 2488 fidejussionem
432 2421 544 2467 mutuam
562 2415 596 2466 sic
613 2415 704 2468 irritam
718 2415 777 2481 lieri,
796 2414 941 2470 defensurus
958 2417 1020 2469 inter
1031 2413 1084 2480 alia,
1103 2431 1165 2486 quac
1176 2413 1244 2468 lalcis

234 2511 427 2575 conclusionibus
446 2510 575 2576 derivavit,
597 2511 736 2566 confirmare
754 2512 848 2567 studuit
866 2512 977 2578 dicendo,
1000 2512 1172 2583 imperatorem
1190 2512 1243 2566 ideo

233 2609 339 2664 beneficii
358 2607 482 2662 divisionis
500 2610 617 2663 rationem
635 2627 684 2664 non
695 2610 816 2677 babuisse,
836 2611 894 2682 quia
911 2609 1024 2664 beneficio
1037 2611 1187 2664 excussionis
1199 2626 1243 2681 pro

233 2705 347 2762 beneficio
366 2706 490 2760 divisionis
508 2705 691 2778 fidejussoribus
715 2717 813 2763 sautum
832 2710 864 2762 sit
886 2707 997 2776 bibisses
1015 2713 1103 2762 ersetzt
1120 2705 1184 2762 donn
1201 2706 1244 2761 dss

234 2803 309 2860 simil.
322 2802 403 2873 diss),
420 2806 491 2878 cujus
509 2814 597 2860 eventu
610 2807 668 2860 setis
681 2815 781 2872 constet,
801 2807 844 2878 qui
857 2823 889 2860 ex
899 2807 929 2860 iis
941 2813 1079 2877 prsesmtes
1091 2822 1117 2860 ae
1129 2803 1244 2860 solvendo

234 2906 291 2959 sint.
328 2902 400 2968 Quod
418 2905 520 2958 sirecte
542 2903 660 2978 intelligo,
683 2906 755 2960 etism
777 2913 833 2958 tum
855 2912 936 2960 ratum
960 2921 1010 2957 non
1032 2904 1088 2969 erit,
1111 2905 1133 2957 si
1154 2919 1244 2974 aequae

233 3010 313 3075 pestes
338 3001 368 3056 ad
391 3001 499 3076 singrdos
523 3005 681 3075 pervenerint.
718 3003 767 3057 Fac
784 3003 831 3068 11¹¹,
850 3003 901 3067 T¹²,
919 3001 967 3067 θ’,
986 2999 1023 3056 Sm
1043 3001 1097 3056 400
1119 3007 1245 3072 nmmum

234 3104 290 3157 ἀλλ.
304 3099 347 3156 dn.
366 3099 459 3156 debere.
488 3100 604 3165 Creditur,
624 3102 666 3172 qui
684 3101 723 3156 [Ρ
741 3099 857 3154 solvendo
876 3117 925 3154 non
942 3115 996 3153 esse
1014 3099 1145 3163 existimet,
1164 3097 1204 3162 0·
1221 3104 1246 3152 et

234 3201 277 3255 Tm
295 3205 318 3253 ct
336 3197 380 3263 S',
399 3213 413 3250 s
431 3197 521 3268 quibus
539 3205 568 3250 ut
586 3197 734 3252 debitoribus
752 3196 922 3268 principalibus
939 3195 993 3251 300
1004 3197 1091 3268 exegit,
1109 3196 1135 3249 in
1152 3201 1245 3266 partem

233 3295 262 3352 Il
276 3313 333 3350 cum
351 3295 469 3359 convenit,
487 3293 601 3348 beneficio
619 3295 771 3348 excussionis
788 3291 918 3365 repellitur.
945 3292 1011 3347 Dum
1025 3295 1089 3348 vires
1102 3291 1131 3347 lt
1145 3293 1244 3358 excutit,

234 3397 266 3460 Q·
283 3394 378 3448 iuterim
397 3393 448 3446 sine
466 3391 552 3444 herede
571 3391 679 3445 decessit
705 3391 790 3463 ltaque
808 3409 864 3446 cum
875 3393 905 3446 L·
921 3392 1023 3446 idoneus
1037 3409 1087 3445 non
1102 3390 1245 3455 inveniatur,

234 3493 266 3558 0·
280 3499 362 3546 autem
381 3507 412 3544 ex
429 3487 539 3561 Epistola
557 3488 580 3544 d.
599 3490 715 3544 Hadriani
732 3490 865 3564 exigendus
882 3508 932 3545 non
950 3491 994 3555 sit,
1017 3489 1151 3544 creditore
1169 3488 1206 3544 T·
1222 3493 1247 3542 et

234 3590 265 3646 s·
275 3597 367 3663 partem
377 3587 408 3644 Τἰ
423 3605 468 3660 pro
478 3586 764 3661 dimidiisconsequetur.
783 3589 822 3646 Sic
831 3589 922 3644 laetum
931 3596 976 3654 cst,
986 3595 1015 3643 ut
1024 3589 1058 3643 T·
1068 3595 1092 3642 et
1101 3586 1130 3643 S·
1140 3587 1246 3658 quisque

236 3687 294 3754 150,
307 3687 337 3752 0·
350 3687 401 3742 100
413 3693 436 3741 ct
447 3687 477 3740 L·
488 3685 547 3740 nibil
558 3685 664 3753 solverit,
683 3686 743 3742 dum
755 3687 887 3760 imperator
896 3688 984 3759 jussit:
1003 3703 1106 3742 somnes
1123 3702 1155 3740 cx
1166 3699 1245 3756 aequo

234 3787 351 3841 actionem
369 3785 525 3840 sustinento«
551 3784 617 3850 Quid
633 3787 715 3858 igitur,
734 3787 800 3858 quod
813 3785 927 3841 beneficio
940 3785 1091 3839 excussionis
1109 3800 1154 3857 pro
1172 3783 1245 3838 bene·

232 3884 287 3938 licio
305 3883 430 3938 divisionis
447 3883 506 3938 satis
523 3882 709 3953 fidejussoribus
726 3883 886 3940 consulatur?
903 3911 938 3926 -
956 3882 993 3938 De
1014 3882 1086 3938 alters
1103 3889 1171 3956 parts
1189 3897 1245 3937 scn-

232 3981 320 4036 teutire
336 3990 433 4037 nostrae
451 3981 495 4036 cir.
514 3980 583 4052 515.
602 3981 643 4037 lll.
