2936 4554
720 319 765 390 88

662 407 823 421 *-

237 504 369 593 indigere
392 525 472 570 nova
485 503 692 568 retractatione
712 511 780 564 cett.
800 535 837 548 -
855 497 921 564 Jam
941 492 1064 588 supra¹)
1087 511 1183 564 anun
1206 504 1252 566 ri·

239 619 336 685 dinus
359 642 461 685 vocem
491 621 566 704 »pol
595 615 721 693 donat«,
753 607 851 701 »ἧμτν
880 613 987 681 doses«
1017 616 1252 704 impersonaliter

238 735 337 813 scribi,
360 739 518 824 praecipue
542 738 567 799 si
590 737 621 799 in
643 731 759 821 legibus
784 744 930 797 occurrat.

306 850 411 936 Quod,
442 855 511 939 quia
541 851 578 916 de
604 849 668 938 lege
696 848 917 936 interpretanda
953 851 1067 937 agitur,
1102 861 1252 936 praestans

238 968 366 1045 videtur,
386 981 415 1033 et
430 988 496 1032 eum
512 970 605 1055 igitur
619 967 728 1032 rectius
744 967 930 1053 accipiamus,
946 963 1147 1030 lustiniannm
1162 987 1251 1032 sensu

240 1084 430 1173 impersonali
459 1105 562 1148 vocem
591 1081 778 1158 adhibuisse,
807 1101 986 1170 magnopere
1015 1083 1149 1148 intererit
1171 1095 1253 1149 certe

239 1199 330 1266 modo
354 1199 526 1288 explorare,
558 1211 657 1264 uuum
680 1196 813 1264 Verbum
842 1195 1018 1262 »δεΐσθαιι
1048 1199 1250 1286 personaliter,

239 1338 278 1381 an
300 1316 535 1404 impersonaliter
552 1312 727 1380 sumendum
751 1317 798 1378 sit.
846 1311 879 1379 Si
900 1313 1096 1401 personaliter
1111 1317 1252 1402 scriptum

240 1435 293 1510 sit,
325 1429 451 1497 sortasse
478 1453 541 1497 vox
571 1427 738 1517 »despue«,
769 1453 857 1520 quarn
885 1429 1097 1497 Accusatirum
1125 1429 1251 1495 Pluralis

240 1560 293 1613 aut
308 1545 476 1613 Genitivum
493 1546 659 1636 Singularis
680 1569 743 1613 esse
765 1567 861 1635 aequo
881 1547 950 1634 jure
971 1544 1251 1633 perhiberipotest,

241 1661 413 1750 Subjeetum
448 1667 502 1741 sit,
540 1661 578 1728 ad
607 1663 691 1752 quod
717 1674 779 1728 tam
806 1661 846 1728 ob
875 1661 1087 1729 Accusativum
1115 1662 1251 1741 Pluralis,

241 1801 330 1868 quam
351 1792 476 1869 propter
497 1778 612 1857 locum,
642 1783 672 1844 in
699 1800 761 1868 quo
784 1781 918 1868 positum
940 1791 1000 1856 est,
1025 1776 1253 1844 Substansivum

241 1897 479 1980 »νομοθεσίαςι
510 1895 643 1983 suppleri
672 1907 819 1982 oporteat.
872 1893 940 1978 Quo
971 1915 1042 1960 casn
1067 1893 1253 1960 Justinianus

240 2010 391 2100 praelatus
414 2023 505 2076 essett
541 2010 670 2098 »Legem
688 2011 753 2089 tuli,
777 2032 853 2099 quae
868 2023 1023 2100 praecepta
1046 2011 1131 2076 utilia
1153 2010 1252 2078 babet.

241 2125 307 2192 Jam
331 2149 434 2192 censeo
459 2123 565 2210 (mihi
587 2129 685 2195 visum
708 2123 800 2210 ests),
826 2127 882 2192 alia
904 2148 1025 2217 quoque
1047 2139 1203 2216 praecepta
1225 2139 1256 2194 et

242 2245 449 2309 retractatione
472 2257 501 2310 et
523 2243 686 2332 adjectione
709 2243 837 2332 quadam
861 2265 977 2334 egere«
1007 2241 1058 2310 Sic
1081 2256 1255 2311 autemnon

241 2372 358 2426 tantum
387 2361 558 2447 conjunctio
589 2363 684 2425 omnis
713 2359 791 2425 Nov.
809 2356 852 2426 99
875 2372 905 2426 et
927 2358 950 2425 4
972 2372 1166 2439 everteretur,
1203 2359 1256 2425 sed

243 2479 330 2542 etiam
352 2475 538 2542 Justinianns
566 2473 689 2541 ridicule
711 2489 741 2542 et
763 2475 916 2566 superfluo
939 2473 1056 2542 Nocet
1078 2478 1256 2544 mentionem

244 2591 369 2659 lecisset.
396 2629 433 2642 -

311 2706 395 2776 Unde
419 2709 562 2796 seqnitur,
587 2703 753 2793 »dripere«,
778 2707 861 2796 quod
883 2729 937 2797 per
960 2729 991 2773 se
1013 2729 1052 2774 ne
1073 2707 1167 2774 ullum
1190 2711 1257 2797 qui·

244 2827 310 2893 dem
326 2848 445 2892 sensum
465 2823 580 2904 efficiat,
605 2824 816 2892 Accusatirnm
831 2845 893 2890 non
909 2846 983 2904 esre,
1007 2823 1059 2890 sed
1074 2822 1254 2904 Genitirnm,

244 2947 297 3032 qui
324 2943 363 3009 ad
385 2942 483 3008 solum
510 2939 690 3008 vocabulum
719 2939 969 3028 »amtorem«,
996 2939 1091 3014 set«
1108 2944 1256 3030 pertinere

243 3064 351 3150 possit.
987 3040 1001 3058 ⁴
1094 3075 1101 3090 ·

291 3215 294 3220 -
310 3177 453 3240 Aetolae
464 3186 572 3252 autem,
585 3175 697 3239 etiamsi
712 3169 858 3259 »ἕτέραςι
872 3171 1028 3240 Genitirus
1041 3175 1089 3252 sit,
1106 3176 1148 3238 ita
1160 3186 1258 3240 tamen

245 3291 440 3382 personaliter
459 3291 573 3376 percipi
601 3299 715 3376 potest,
746 3301 782 3354 ut
810 3288 891 3354 aliud
921 3288 1149 3356 Substantirum
1178 3287 1259 3355 Sub·

242 3409 354 3495 jectum
371 3405 559 3470 adsciscatur.
596 3400 672 3468 Cum
691 3401 869 3470 vocabulum
891 3405 1127 3491 »repetentes«
1150 3425 1205 3494 per
1227 3427 1259 3470 se

246 3545 309 3588 non
330 3525 434 3610 magis,
458 3543 547 3610 qnam
561 3521 736 3588 Pronomini
759 3517 868 3608 ἑτέρας
884 3521 1031 3610 adjectum
1051 3542 1170 3588 sensum
1193 3520 1260 3586 ido-

246 3661 335 3704 neum
350 3637 499 3727 praebeat,
515 3637 651 3726 idemque
667 3636 703 3702 de
719 3634 857 3723 »νόμοςι
874 3637 1030 3705 dicendum
1045 3642 1094 3718 sit,
1113 3651 1258 3727 superest,

246 3768 283 3821 ut
305 3753 344 3820 ad
365 3749 553 3842 »ἔπιλογῆνι
577 3757 705 3820 animum
724 3757 831 3820 iterum
848 3769 1064 3822 convertamus.
1100 3755 1180 3824 Tum
1203 3755 1261 3820 ele·

301 3910 323 3979 ¹)
349 3911 398 3966 etr.
417 3911 431 3983 ᾗ
446 3912 486 3967 15.
501 3911 542 3967 lll.
576 3910 626 3968 err.
644 3911 722 3984 Pape,
739 3911 966 3969 Handwlirtcrbnch
984 3914 1027 3968 der
1043 3912 1131 3987 gn'ech.
1147 3911 1260 3985 Sprache.
1325 3892 1328 3898 ¹

247 3998 410 4056 Brennschw.
426 3999 502 4056 1842.
521 4019 541 4057 s.
554 4019 578 4056 v.
591 4001 689 4058 δοκεῖν.
