2936 4554
659 254 820 355 „Q

234 431 295 500 Sed
317 437 347 499 in
363 436 533 500 universum
550 455 647 498 nexus
663 433 800 498 correalis
824 437 916 522 magis
934 409 1247 523 a‘jurisprudentibus

232 552 370 614 inventus
394 562 448 628 est,
472 571 559 638 quam
577 571 675 614 veram
697 561 832 614 naturam
855 547 953 616 rerum
977 556 1112 640 seqnitur
1132 566 1161 618 et
1176 575 1246 620 cura

232 663 393 731 formarum
417 664 618 743 subtilissima,
643 687 702 752 qua
724 664 852 730 Romani
875 669 1003 732 maxima
1027 689 1065 732 ex
1086 680 1171 754 perte
1194 669 1246 734 ab·

165 857 168 864 ,
231 780 399 858 undarunt,
422 803 484 846 non
507 793 589 846 vetat
611 779 770 844 creditores
794 793 914 859 cautos,
938 763 1045 848 anxios
1067 787 1246 869 pertinaces·

231 919 289 985 que
312 897 473 984 pleniorem
495 897 575 962 illius
594 895 727 962 ellectum
743 894 928 962 debitoribus
951 895 1138 986 extorquere,
1164 899 1246 964 debi-

230 1025 311 1078 tores
340 1033 486 1101 pauperes
515 1024 545 1077 et
566 1011 756 1098 fidejussores
786 1012 865 1077 leves
889 1012 1038 1091 duriorem
1065 1036 1131 1078 eum
1160 1019 1245 1082 inse

230 1131 389 1217 suscipere.
430 1127 510 1212 Quin
533 1139 562 1191 et
583 1126 697 1192 fraudis
720 1126 899 1193 creditorum
928 1112 1011 1194 ratio
1028 1121 1165 1195 habenda
1189 1119 1243 1208 est,
1317 1125 1321 1134 “

230 1265 306 1331 quae
328 1243 444 1332 legibus
465 1246 553 1308 etiam
574 1255 694 1321 creseat,
718 1241 954 1330 quibus.eorum
976 1244 1102 1310 malitiae
1117 1258 1147 1310 et
1162 1245 1245 1312 debi-

229 1371 329 1424 torum
352 1357 517 1423 infortunio
541 1369 670 1422 caretur.
708 1357 815 1439 Quales
841 1357 920 1445 leges
944 1371 1015 1424 sunt
1037 1357 1097 1425 SC.
1117 1359 1245 1447 Velleja·

229 1495 301 1540 num
325 1487 354 1538 et
374 1472 637 1548 Macedonianum,
661 1473 725 1538 Lex
747 1471 838 1536 lluria
860 1471 896 1536 de
919 1493 1034 1558 sponsu
1058 1486 1086 1537 et
1108 1473 1244 1561 Epistola

230 1590 259 1655 d.
272 1588 424 1666 Hadriani,
449 1588 591 1675 adquam
609 1589 722 1652 etiamsi
744 1610 805 1652 non
828 1590 1004 1664 necessario,
1028 1601 1125 1655 tamen
1148 1613 1244 1678 neque

229 1705 397 1771 inconsulto
414 1697 601 1784 Girtanner‘l
625 1702 750 1767 abusum
767 1701 958 1790 obligationis
975 1704 1112 1768 correalis
1131 1707 1242 1786 retulit,

229 1823 314 1907 cujus
336 1821 450 1886 abusus
473 1819 650 1884 documenta
672 1831 791 1884 exstant
811 1817 912 1884 L.17.
933 1814 988 1901 §2
1008 1818 1046 1883 ed
1061 1818 1121 1886 SC.
1138 1821 1242 1908 Vellej.

227 1935 290 2003 Lm
307 1957 353 2023 pr.
369 1948 399 2001 et
413 1933 460 2019 §l
479 1934 515 2001 dc
531 1933 591 2000 SC.
603 1934 716 2000 Maced.
736 1932 804 2000 Μ
821 1932 855 2000 C.
873 1933 909 1998 dc
925 1934 996 1999 duo.
1010 1938 1077 1999 reis.
1096 1935 1130 2000 L.
1148 1935 1188 2001 19
1206 1935 1241 2003 C.

229 2051 265 2117 de
284 2052 417 2138 fidejuss.
444 2089 479 2100 -
513 2048 632 2116 Noni
655 2049 782 2115 edietum
809 2047 1006 2116 creditoribus
1033 2052 1242 2138 permolestum

226 2167 328 2245 luisse,
352 2167 382 2232 id
406 2190 467 2233 non
489 2177 605 2232 tantum
629 2169 726 2253 spatio
745 2166 806 2243 illo,
831 2164 913 2252 quod
937 2168 979 2230 rei
1002 2165 1125 2230 sistendi
1147 2171 1242 2255 gratia

226 2282 453 2371 fidejussoribus
481 2286 511 2348 in
541 2280 661 2348 Nomtl
689 2281 874 2357 conceditur,
904 2281 956 2345 sed
986 2284 1072 2346 etiam
1102 2283 1242 2348 electione

173 2442 178 2451 ·
225 2421 318 2487 paene
347 2398 518 2464 omnimodo
549 2396 666 2464 sublata
691 2397 845 2462 verisimile
868 2397 911 2464 fit.
953 2395 1150 2480 Quamobrem
1175 2398 1242 2465 Gir·

225 2527 349 2580 tannero
365 2513 492 2581 sortasse
509 2514 727 2580 concedendum
745 2526 803 2590 est,
829 2533 948 2578 eorreos
964 2525 1035 2600 post
1050 2512 1202 2580 Nouellum
1218 2514 1241 2580 4

225 2629 312 2694 latam
336 2629 478 2706 crebrius,
505 2652 593 2717 quam
616 2643 701 2694 antea
724 2632 816 2717 accipi
840 2641 869 2694 et
891 2629 1093 2693 lustinianum
1116 2630 1147 2695 id
1170 2652 1241 2695 eon·

225 2745 322 2809 silium
353 2747 383 2806 in
406 2742 485 2806 Nor.
503 2741 545 2809 99
575 2743 693 2809 serenda
723 2743 831 2808 habere
861 2746 1012 2829 potuisse,
1044 2755 1079 2809 ut
1107 2743 1240 2810 fraudem

225 2856 339 2923 Noud
360 2855 466 2922 factam
490 2867 646 2922 coerceret.

294 2971 376 3055 Quae
398 2986 495 3038 tamen
519 2975 660 3060 cogitatio
684 2973 709 3036 si
731 2974 852 3036 veritate
876 2975 1028 3048 niteretur,
1051 2973 1240 3059 Imperatoris

224 3088 380 3153 consilium
404 3111 442 3154 cx
464 3092 530 3176 ipsa
552 3100 656 3154 nostra
678 3088 741 3174 lege
765 3087 812 3151 hie
836 3088 881 3152 rel
904 3088 963 3152 illic
985 3109 1127 3176 apparere
1149 3111 1240 3175 opor·

224 3217 312 3283 teret,
341 3204 423 3292 quod
445 3226 508 3269 non
530 3217 645 3268 tantum
669 3227 684 3270 e
707 3207 878 3290 prooemio,
903 3203 955 3268 scd
978 3207 1065 3270 etiam
1088 3205 1156 3270 inde
1180 3207 1240 3272 col·

223 3321 275 3410 ligi
290 3332 403 3409 posset,
426 3319 509 3408 quod
523 3321 687 3407 Imperator
702 3322 768 3407 ipso
785 3320 881 3385 edicto
898 3322 1026 3385 animum
1042 3321 1114 3408 legis
1130 3325 1238 3408 prioris

224 3436 443 3504 conservandae
459 3435 644 3501 declarasset.
670 3435 749 3519 Quid
773 3450 870 3501 autem
893 3448 957 3502 tum
972 3438 1144 3525 Imperatori
1167 3460 1239 3525 pro-

223 3556 291 3641 pius
322 3565 415 3630 esset,
446 3573 534 3639 quam
564 3563 599 3616 ut
626 3564 679 3617 aut
703 3551 913 3639 obligationem
937 3554 1092 3618 correalem
1118 3557 1237 3620 omnino

223 3681 381 3747 everteret,
412 3680 466 3733 aut
486 3671 601 3733 ratione
624 3668 775 3754 Vellejana
802 3667 936 3734 adhibita
959 3668 994 3733 de
1018 3669 1111 3734 alieno
1136 3668 1237 3734 debito

223 3805 291 3848 rere
315 3796 454 3872 suscepto
476 3783 650 3851 beneficium
672 3781 791 3849 Nor.4
815 3787 924 3851 correis
948 3782 1112 3850 tribueret?
1144 3783 1238 3850 lusti·

276 3937 298 4006 ⁴)
323 3938 451 3994 Girtauner
468 3956 493 4010 p.
507 3938 566 3994 102.
