2952 4556
660 269 820 372 „so-

234 452 316 516 tione
340 453 482 538 pecuniae
510 463 680 529 teneantur,
707 435 788 538 'spirae
817 473 873 539 pro
903 449 1095 539 portionibus
1118 449 1245 518 diversis

235 565 313 630 sacta
334 570 382 632 sit.
655 559 673 576 '⁴

302 682 385 766 Quae
408 685 480 749 vitia
505 683 654 749 levissimo
677 685 736 748 isto
759 694 933 770 argumento
956 702 972 746 e
995 685 1176 748 continentia
1198 705 1247 748 ea·

236 819 323 863 suum
351 797 487 864 desumto
510 822 571 864 non
595 797 784 875 auferuntur,
814 801 903 863 immo
927 819 999 863 vero
1022 801 1050 863 ei
1072 811 1246 886 argumento

235 913 317 978 aliud
338 913 432 980 simile
447 913 659 1002 opponendum
674 927 729 992 est,
751 914 929 1002 legislatoris
945 935 1006 980 non
1021 935 1096 990 esse,
1120 925 1155 978 ut
1169 917 1248 980 inter

235 1029 418 1116 hypotheses
433 1029 481 1094 vel
494 1033 726 1118 propositiones,
744 1051 819 1117 quas
834 1031 961 1117 quisque
978 1041 1130 1118 exspectat
1144 1029 1247 1118 dispo·

179 1157 183 1162 '
236 1146 534 1212 sitionesseouturss
563 1167 641 1224 esse,
671 1149 854 1212 narrationes
877 1143 965 1210 falsas
989 1157 1143 1224 contexat,
1170 1167 1246 1234 quae

188 1337 196 1362 ι,
236 1262 263 1325 ai
285 1265 453 1340 reraesint
475 1264 574 1349 aptius
596 1264 757 1350 prooemiis
779 1274 809 1326 et
831 1261 956 1349 epilogis
979 1263 1156 1327 inserantur.

246 1406 250 1412 ¹
300 1377 488 1443 lastinianus
503 1390 601 1443 autem
614 1401 678 1444 con
693 1378 862 1465 desumpsit,
885 1375 938 1441 sed
956 1371 1049 1454 lutsll
1065 1376 1158 1458 11111
1175 1387 1246 1444 cul·

139 1545 141 1550 -
235 1487 339 1560 8111111.
370 1487 578 1577 Heimbacbll,
603 1497 650 1559 cui
673 1493 710 1560 de
724 1485 924 1581 Vangerotv‘)
948 1495 1080 1570 assentit,
1104 1493 1246 1580 adversus

190 1583 194 1595 ⁵
235 1607 462 1694 Bumbardium,
486 1632 572 1699 quem
589 1609 723 1698 Savigny
746 1610 854 1675 bacin
877 1630 908 1674 re
925 1612 1069 1697 sequitur,
1093 1607 1246 1674 Novellam

235 1725 278 1790 ite
300 1729 494 1811 compositam
517 1747 581 1791 esso
604 1726 712 1803 attulit,
737 1738 771 1790 ut
793 1746 879 1789 casus
902 1726 1045 1812 generalis
1068 1724 1110 1788 El
1121 1723 1184 1810 γάρ
1200 1747 1247 1801 τις

236 1833 459 1925 ἅλληλεγγύως
480 1837 690 1916 ὑπευθύνους
711 1839 807 1922 λάβοι
829 1839 918 1915 τινάς
944 1842 975 1904 in
1005 1839 1079 1905 duas
1106 1843 1248 1928 proposi·

236 1958 333 2022 tiones
357 1956 497 2045 speciales
525 1956 556 2022 el
579 1960 639 2040 μὲν
660 1951 704 2042 μὴ
728 1957 900 2040 προςθε1η,
928 1949 963 2020 cd
987 1953 1057 2020 δεῖν
1078 1953 1145 2020 κτλ.
1167 1967 1197 2020 et
1218 1955 1249 2019 el

237 2070 275 2137 da
290 2076 345 2135 eal
359 2094 389 2135 ca
403 2071 528 2137 τοιοῦτο
543 2073 735 2157 προςτεθείη
749 2069 816 2136 κτλ.
832 2071 987 2136 distinctus
1003 2075 1051 2148 sit,
1076 2092 1161 2159 quas,
1179 2093 1246 2136 cum

235 2187 392 2254 Perticalis
407 2189 468 2272 μὲν
490 2200 520 2253 et
540 2186 578 2253 ot
599 2190 676 2253 inter
698 2208 729 2252 se
751 2189 907 2275 oppositae
923 2189 991 2263 sint,
1014 2189 1080 2275 pari
1103 2189 1247 2252 orationis

236 2325 357 2370 munere
380 2302 464 2390 iungi
487 2303 700 2382 (accordinirte
723 2299 938 2390 Setzglieder·)
967 2314 1113 2391 oporteat.
1152 2302 1247 2367 lusti·

235 2423 343 2486 nianus
359 2440 424 2484 cum
440 2422 470 2483 in
485 2421 532 2495 iis,
552 2440 628 2506 quae
644 2418 681 2483 ad
696 2431 852 2506 utramque
866 2420 1041 2505 pertineant,
1061 2417 1246 2506 exponendis

236 2535 423 2601 Accusativis
446 2555 512 2599 eum
533 2535 689 2598 Infinitivis
711 2547 856 2622 perpetuo
884 2554 957 2599 usus
980 2537 1035 2611 sit,
1059 2535 1157 2621 quiin
1176 2554 1247 2599 casu

237 2649 368 2716 secundo
398 2673 416 2714 a
442 2671 515 2714 voce
545 2671 706 2737 suppressa
737 2647 934 2732 θεσπίζομεν
967 2649 1014 2714 vel
1047 2645 1124 2735 ἡμῖν
1158 2647 1250 2714 docet

237 2765 435 2855 dependentes
457 2788 513 2853 pro
535 2766 720 2854 imperativis
746 2765 871 2832 adhibiti
893 2769 963 2841 sint,
986 2765 1064 2830 idem
1086 2764 1195 2830 modus
1217 2777 1248 2830 et

235 2884 303 2970 ipso
326 2885 356 2948 in
379 2885 476 2970 primo
500 2904 569 2948 casu
591 2905 648 2971 pro
670 2883 847 2972 lmperstivo
870 2880 1015 2946 habeatur
1037 2902 1154 2947 neeesse
1171 2902 1247 2958 esse,

237 2999 428 3087 quamobrem
457 3001 488 3063 in
516 3021 551 3064 eo
581 3020 702 3087 quoque
731 3021 802 3064 casu
830 2997 1017 3063 lustinianus
1046 2997 1174 3062 edixisse
1201 2999 1247 3062 ri·

237 3113 351 3182 deutur.
379 3153 414 3164 -
443 3113 509 3197 Quo
526 3115 597 3179 mihi
613 3127 786 3201 argumento
803 3116 874 3178 satis
893 3126 1021 3190 cautum,
1044 3134 1081 3178 ne
1100 3113 1149 3178 bic
1163 3132 1248 3177 error
1287 3165 1291 3174 .

236 3229 413 3296 Burchardii
436 3241 660 3304 restauraretur,
683 3231 781 3292 visum
804 3241 890 3304 esset,
914 3232 972 3293 nisi
995 3228 1041 3294 vel
1059 3227 1193 3315 Savigny
1215 3224 1247 3290 id

239 3347 359 3409 omnino
383 3343 574 3430 neglexisset,
599 3341 790 3430 quamobrem
814 3343 938 3408 cundem
961 3367 1088 3409 errorem
1112 3342 1247 3407 funditus

237 3462 395 3546 exstirpari
410 3480 527 3525 necesse
542 3471 596 3524 est.
625 3457 698 3522 Dico
714 3460 814 3545 igitur,
831 3463 990 3547 scriptores
1007 3459 1134 3526 Graecos
1147 3459 1248 3543 eujus·

237 3577 284 3641 vis
306 3578 402 3663 gentis
426 3587 456 3640 et
477 3578 579 3640 aetatis
603 3576 690 3660 longe
710 3571 850 3650 abluisse,
873 3587 909 3640 ut
924 3573 1120 3640 describentes
1136 3585 1165 3638 et
1179 3594 1248 3638 ner·

237 3704 336 3758 rantes
351 3691 537 3756 Accusativis
562 3713 628 3756 cum
649 3689 804 3755 Infinitivis
820 3702 880 3776 'aut
896 3691 967 3756 solis
982 3691 1147 3767 Infinitivis,
1171 3709 1247 3776 quo·

291 3935 314 4005 ⁸)
337 3933 471 3990 Heimbsoh
487 3932 503 3988 l.
516 3932 532 3988 l.
552 3953 575 4006 p.
589 3933 632 3990 70.
645 3935 688 3990 71.
705 3965 750 3979 ·-
776 3933 798 4005 ⁴)
823 3934 963 4006 Vangerow
980 3932 996 3986 l.
1008 3929 1026 3986 1.
1044 3951 1068 4005 p.
1081 3933 1125 3988 94.
