2936 4554
621 307 782 409 „mr-

660 535 746 624 536.

214 645 216 652 v
245 681 278 745 ll.
314 679 362 744 De
386 688 590 765 praecepto
614 674 792 740 secundo.
820 713 856 724 -
886 671 914 740 l.
947 673 1159 742 Nonnullae

400 791 578 859 Novellac
601 803 728 878 partes
752 792 1004 878 explicantur.

12 964 14 980 '
63 1032 69 1042 ,
183 945 189 987 ²
261 957 308 1022 tx
332 957 472 1043 opinione
489 955 637 1018 communi
651 951 839 1018 lustinianus
854 955 963 1019 correis
980 951 1104 1018 debendi
1120 951 1211 1018 bene·

193 1073 291 1158 licium
315 1072 549 1138 accommodavit
572 1068 737 1134 divisionis.
777 1068 872 1154 Quam
896 1071 1066 1157 opinionem
1090 1091 1155 1133 cum
1179 1072 1210 1134 in

193 1194 366 1256 universum
401 1185 609 1266 defendamus,
644 1207 739 1272 neque
773 1189 803 1250 in
836 1186 892 1250 hac
918 1199 1003 1273 parte
1032 1186 1208 1251 deseremus.

193 1306 254 1371 Nec
275 1326 428 1381 veremur,
460 1325 497 1368 ne
521 1303 704 1388 jurisperitis
734 1300 771 1364 ab
800 1323 834 1364 oa
863 1300 1018 1367 deflexisse
1046 1301 1208 1368 videamur.

195 1419 337 1504 Quamvis
363 1423 439 1486 enim
461 1417 566 1494 nobis,
598 1438 674 1504 quae
698 1415 734 1480 de
757 1414 899 1480 beneficio
924 1417 1079 1482 divisionis
1103 1441 1119 1482 a
1141 1419 1210 1506 plu-

193 1535 278 1601 ribus
300 1533 498 1622 scriptoribus
514 1532 613 1597 doceri
630 1531 736 1607 solent,
762 1535 883 1596 omnino
902 1531 1086 1619 displiceant,
1110 1545 1209 1600 tamen

193 1663 298 1718 nostra
320 1674 338 1716 a
360 1663 523 1718 ceterorum
547 1650 691 1714 sententia
719 1646 793 1712 adeo
822 1670 884 1714 non
907 1646 1065 1726 abhorret,
1095 1662 1130 1713 ut
1152 1671 1208 1714 nos

194 1769 368 1834 dissensisse
392 1768 460 1853 jure
489 1768 556 1854 quis
586 1764 762 1830 contendere
784 1767 891 1851 possit.
929 1763 989 1830 Res
1013 1767 1089 1829 enim
1113 1767 1155 1830 ita
1177 1787 1209 1832 se

194 1883 298 1962 habet,
331 1897 380 1968 ut,
410 1881 480 1948 dum
503 1881 622 1969 plurimi
647 1883 796 1967 opinionis
819 1893 940 1946 nostrae
967 1894 1208 1969 propugnatores

192 1999 366 2066 beneficium
389 1999 554 2075 divisionis,
579 1996 662 2085 quod
686 2019 868 2064 communem
888 1980 1019 2062 omnium
1035 2001 1209 2064 conventio·

193 2139 259 2180 nem
290 2119 410 2193 attinet,
439 2136 493 2202 per
515 2112 668 2178 Novellam
699 2113 864 2199 paullulum
891 2125 1037 2178 mutatum
1061 2112 1208 2201 indulgeri

194 2233 386 2311 contendunt,
409 2253 466 2296 nos
490 2232 677 2297 econtrario
699 2251 878 2308 censeamus,
903 2233 1054 2295 communi
1076 2233 1207 2295 omniurn

193 2351 389 2415 conventione
412 2351 510 2436 ipsum
534 2346 708 2412 beneficium
730 2345 881 2434 Epistolac
908 2346 945 2410 tt.
971 2345 1112 2412 Hadriani
1136 2368 1207 2411 con-

192 2467 312 2531 stitisse.
360 2463 559 2549 Quamobrem
588 2462 625 2528 de
653 2461 777 2528 Novella
811 2484 877 2527 eum
908 2461 965 2526 illis
996 2465 1206 2541 consentimus,

192 2584 247 2646 etsi
270 2581 307 2646 de
325 2581 395 2667 jure
417 2580 569 2667 Epistolae
593 2580 649 2645 alia
671 2580 856 2666 profitemur.

260 2697 426 2785 Antequam
457 2719 526 2761 vero
556 2694 728 2762 beneficium
757 2694 898 2760 Novellac
928 2697 1068 2784 explicari
1096 2708 1206 2783 potest,

191 2812 335 2878 nonnulla
350 2824 421 2877 sunt
436 2811 657 2900 praemittenda,
679 2832 755 2899 quae
771 2811 810 2876 ad
824 2810 1059 2898 interpretandas
1075 2812 1207 2899 singulas

192 2932 414 2997 constitutionis
437 2941 558 2994 nostrae
580 2939 680 3015 partes
704 2948 738 2991 ac
760 2924 851 2991 verba
873 2938 1016 3013 spectant.

257 3163 279 3228 Ι.
309 3158 591 3248 φυλάττεσθαι
612 3161 684 3244 μὲν
705 3153 748 3223 cd
772 3155 984 3244 σύμφωνον
1008 3197 1044 3208 -
1066 3157 1206 3225 Vocabu-

191 3280 252 3346 lum
283 3273 476 3365 σύμφωνον,
508 3276 591 3364 quod
619 3276 658 3342 ad
684 3277 908 3341 conventionem
932 3275 1094 3364 quamlibet
1115 3279 1207 3364 perti-

191 3418 260 3461 nere
282 3407 397 3484 potest,
427 3417 444 3458 a
466 3393 616 3484 plerisque
640 3392 786 3480 depacto
811 3391 943 3480 adjecto,
972 3413 1032 3480 quo
1057 3387 1129 3457 ἄλλ.
1152 3389 1207 3459 dre.

191 3533 330 3598 expresse
358 3514 390 3575 in
417 3510 546 3576 solidum
575 3531 607 3575 se
637 3507 868 3586 obstrinxerint,
903 3509 980 3574 solet
1007 3509 1145 3597 intelligi,
1175 3509 1207 3575 id

191 3627 275 3717 quod
296 3627 484 3716 comprobari
506 3648 568 3692 non
582 3647 672 3713 posse
684 3626 745 3712 jam
762 3619 875 3708 antaa¹)
892 3626 1085 3691 ostendimus.
1117 3618 1207 3691 ’Ate

189 3741 245 3811 dn.
268 3766 334 3810 curn
353 3747 447 3810 correi
462 3746 523 3808 sint
539 3742 675 3820 debendi,
700 3754 789 3833 atque
810 3742 962 3830 legislator
985 3743 1200 3817 conventionis,

191 3873 343 3948 practerea
364 3859 401 3926 ab
425 3863 461 3925 iis
484 3862 582 3937 initae,
606 3861 785 3924 mentionem
803 3881 865 3926 non
881 3839 991 3955 lecerit,
1016 3856 1068 3922 sed
1086 3858 1148 3942 jam
1167 3854 1204 3920 ab

245 4013 266 4085 ι)
289 4015 323 4072 V.
341 4014 356 4088 5
371 4015 465 4084 17,111.
484 4013 537 4072 coll
556 4014 669 4090 515,11.
688 4015 703 4090 5
719 4015 759 4084 16,
771 4015 790 4072 t.
