2952 4556
708 327 748 397 13

216 519 252 572 nt
278 503 448 572 Haloander
482 519 671 598 praeceptum
705 508 866 575 secundum
893 520 1009 578 tantum
1037 509 1230 596 inscriptione

215 619 357 689 Noveliae
377 627 567 711 expresserit.

692 905 758 993 so.

231 1041 458 1108 Franciseus
482 1039 703 1107 Balduinns.
737 1040 900 1108 Joannes
923 1041 1218 1130 Ronehcgallns.

562 1157 669 1246 Hugo
693 1157 887 1224 Doncllus.

285 1316 364 1383 Tum
385 1319 501 1405 primus
522 1329 595 1404 post
616 1316 830 1397 Haloandrum‚
854 1330 889 1383 ut
905 1318 1032 1396 videtur,
1055 1317 1231 1384 Franciscus

217 1426 410 1516 Balduinus¹)
439 1431 516 1496 hane
544 1455 653 1497 novam
680 1438 852 1499 sententiam
874 1435 957 1499 tulit:
987 1433 1129 1520 Opinioni
1151 1455 1232 1500 eom·

218 1550 302 1611 muni
325 1549 377 1634 jus
406 1559 492 1611 vetus
523 1547 559 1611 de
587 1546 706 1612 duobus
734 1552 792 1613 reis
821 1571 883 1614 non
911 1562 1019 1614 temere
1041 1551 1232 1615 evertendum

220 1660 518 1748 conturbandumque
541 1683 605 1727 esse
628 1665 770 1750 opponit,
800 1676 830 1728 ct
851 1662 1054 1729 Haloandrum
1075 1664 1233 1751 reprehen-

221 1777 273 1855 dit,
299 1781 351 1865 qui
371 1780 592 1865 inscriptionem
609 1776 750 1844 Noveiiae
772 1777 836 1843 ‘De
860 1778 979 1844 duobus
1003 1792 1085 1844 cett·
1102 1783 1230 1844 verterit.

219 1891 294 1957 Nam
317 1895 430 1958 etiamsi
453 1915 509 1981 pro
533 1915 566 1958 ea
587 1893 779 1959 translatione
795 1893 891 1960 afferri
906 1896 1013 1983 possit,
1036 1894 1232 1982 Papinianum

219 2010 253 2075 L.
273 2007 324 2074 11.
345 2031 391 2095 pr.
417 2008 452 2072 de
476 2008 536 2073 duo
565 2011 624 2074 reis
653 2009 772 2074 illorum
795 2007 962 2076 debitorum
986 2010 1109 2077 totidem
1133 2012 1232 2078 verbis

218 2127 394 2202 meminisse,
417 2135 515 2190 tamen
531 2145 646 2212 »neque
663 2127 707 2190 vis
724 2125 807 2191 verbi
823 2124 936 2205 Gracci,
961 2130 1011 2205 ait,
1035 2127 1074 2193 ad
1091 2150 1142 2193 eos
1160 2151 1232 2216 pro·

219 2243 282 2329 pric
297 2244 433 2329 pertinet,
456 2261 551 2328 neque
562 2241 641 2326 juris
656 2245 743 2318 ratio,
769 2263 845 2329 quae
866 2255 912 2307 est
934 2245 965 2307 in
989 2243 1018 2308 d.
1034 2244 1069 2309 L.
1089 2241 1150 2321 11.,
1174 2243 1232 2309 hoo

219 2359 342 2442 patitur.
359 2403 367 2419 .
382 2403 412 2420 ..
445 2353 548 2443 Neque
565 2354 649 2421 facile
671 2358 769 2422 locum
792 2358 874 2423 illum
898 2358 1099 2424 aJustinieno
1123 2362 1233 2446 corrigi

219 2492 273 2558 per
294 2471 373 2536 iliam
387 2469 466 2536 Nor.
483 2470 526 2539 99
549 2494 628 2538 nuno
651 2471 786 2540 dixerim.
812 2522 819 2538 .
845 2523 852 2538 .
879 2521 886 2536 .
909 2472 1116 2541 Existimarem
1129 2478 1232 2563 potius

221 2581 496 2672 »oiiipieyroinvet
521 2610 585 2654 esse
608 2603 638 2656 et
660 2590 810 2679 appellari,
835 2592 887 2678 qui
911 2588 1030 2655 duobus
1050 2589 1145 2655 modis
1160 2588 1233 2654 fide·

216 2704 352 2790 jussores
381 2715 466 2769 sunt:
498 2703 556 2769 hoo
585 2718 645 2783 cst,
675 2704 728 2771 ubi
757 2704 818 2770 duo
847 2704 1058 2793 fidejusserunt
1086 2729 1142 2795 pro
1171 2728 1232 2770 uno

222 2819 321 2906 aliquo
344 2841 396 2885 reo
420 2819 546 2886 debendi
568 2834 599 2887 et
620 2843 725 2887 rursus
748 2824 873 2886 invicem
891 2820 963 2886 alter
979 2843 1036 2908 pro
1053 2822 1144 2887 altero
1160 2821 1234 2886 fide-

217 2933 332 3020 jubeat.
370 2935 446 3000 Nam
469 2949 498 3000 et
520 2936 730 3024 fidejussorum
753 2937 943 3023 fidejussores
966 2939 1057 3024 accipi
1080 2951 1233 3024 possunt«

223 3049 302 3116 Tum
335 3050 508 3117 beneficium
540 3051 681 3117 Noveliae
716 3050 883 3117 describens
918 3049 1032 3140 adjicit:
1065 3051 1146 3131 ilios,
1179 3057 1234 3118 etsi

222 3187 254 3231 se
276 3170 436 3254 expressim
461 3167 622 3254 obligerint
644 3167 752 3255 singuli
773 3169 805 3231 in
824 3167 962 3246 solidum,
986 3180 1160 3234 tamennon
1176 3173 1234 3236 nisi

221 3303 278 3370 pro
301 3296 386 3371 parte
409 3284 543 3372 singulos
566 3287 674 3350 teneri:
697 3297 727 3348 et
748 3306 805 3372 pro
826 3295 910 3370 parte
924 3297 1039 3350 tantum
1054 3307 1147 3351 unum
1163 3307 1234 3351 con·

224 3399 330 3476 veniri,
361 3402 385 3464 si
415 3400 488 3465 aiter
514 3421 654 3488 praesens
681 3413 711 3465 et
734 3400 877 3466 solvendo
900 3405 948 3466 sit.
986 3400 1114 3467 Videtur
1136 3415 1234 3468 autem

222 3524 294 3579 tune
315 3517 391 3581 inter
413 3538 465 3580 cos
488 3515 698 3605 obligationem
720 3520 787 3605 ipso
806 3517 875 3604 jure
898 3517 1038 3584 dividere.
1079 3517 1139 3585 Sed
1162 3522 1234 3584 satis

223 3650 370 3718 superque
394 3653 457 3696 esse
479 3632 613 3710 videtur,
636 3635 662 3697 si
687 3636 722 3699 iis
745 3632 858 3699 tribuat
881 3638 1093 3722 exceptionem,
1119 3635 1234 3722 qualem

277 3795 298 3863 ¹)
322 3795 477 3851 Justinianus
501 3814 521 3849 s.
544 3797 573 3851 de
589 3798 647 3868 jure
670 3815 734 3853 novo
759 3798 853 3854 comm.
877 3797 929 3852 libr.
940 3798 986 3853 lV.
1006 3797 1085 3853 Praei.
1104 3798 1234 3871 Gundiing.

223 3889 278 3946 Hal.
291 3899 315 3947 et
327 3893 393 3964 Lips.
409 3893 484 3950 1728.
502 3894 556 3948 Lib.
569 3895 613 3950 tv.
637 3895 663 3951 0.
676 3896 720 3951 tv.
744 3913 767 3968 p.
781 3895 841 3951 403.
854 3896 914 3951 404.
939 3895 976 3966 (ln
999 3896 1139 3968 Jurisprud.
1162 3898 1235 3953 Rom.

224 3997 248 4044 st
265 3989 567 4064 Art.Lugt.}tat1738.
585 3990 630 4049 col.
645 3993 732 4064 1211).
760 3993 810 4050 ctr.
829 3993 958 4067 Schragius
976 4012 1001 4065 p.
1015 3993 1039 4049 3.
