2936 4554
726 334 884 434 „aaa

295 514 473 604 συμφώνου
492 509 631 601 τρόποςι
654 518 730 581 euim
753 526 889 581 naturam
916 517 1011 582 totius
1033 517 1163 604 negotii,
1193 515 1310 603 qualem

294 633 446 720 legislator
464 635 562 698 auimo
587 631 851 720 comprehenderit,
876 632 1091 719 complectitur,
1115 633 1253 697 nlmirum
1277 643 1310 697 ut

294 751 326 814 iu
349 747 477 814 subdam
500 752 707 836 promittentes
730 748 805 814 ulter
826 769 883 834 pro
906 748 999 814 altero
1023 751 1147 813 invicem
1171 747 1311 813 creditori

295 867 481 930 securitatem
497 867 658 930 intantum
674 875 833 951 praestent,
857 875 893 929 ut
906 863 1020 929 nullum
1036 865 1149 928 nomini
1165 862 1309 928 solvendo

295 980 458 1068 perieulum
490 983 654 1058 immineat,
689 979 773 1066 quod
807 982 831 1045 si
866 980 904 1045 ad
938 1001 1022 1057 eum,
1058 982 1161 1044 ceteris
1194 978 1310 1044 idoneis

297 1095 493 1161 existentibus
517 1093 790 1184 praesentibusque,
813 1097 959 1183 pertinere
982 1107 1124 1184 nequeat,
1148 1095 1312 1183 Imperator

297 1233 336 1276 ex
361 1211 464 1277 eodem
491 1207 655 1298 συμφώνῳ
681 1213 804 1298 accipit,
839 1210 1014 1279 creditorem
1043 1211 1124 1277 nulla
1154 1212 1311 1277 seeumtate

296 1349 381 1416 egere
403 1339 434 1393 et
454 1340 554 1416 partes
577 1328 655 1394 solvi
678 1325 795 1394 debere.

761 1503 780 1590 δ
796 1503 849 1573 37.

671 1637 941 1708 Contionatus.

363 1791 415 1858 VI.
437 1791 536 1858 Prine.
554 1789 628 1882 Cap.
642 1791 679 1857 l.:
703 1789 803 1857 οὕτω
820 1835 849 1856 ..
864 1788 1192 1876 συγχωρούμενος
1219 1829 1254 1840 -
1281 1803 1313 1856 et

298 1905 375 1992 §lt
409 1905 508 1974 οὕτω
529 1952 563 1972 ..
584 1906 837 1994 προβήσεται.
863 1930 899 1956 -’-
925 1907 980 1972 His
1006 1906 1105 1973 verbis
1134 1929 1195 1973 non
1226 1906 1310 1986 edici,

292 2026 355 2112 jam
378 2018 497 2112 supra¹)
521 2024 743 2112 explicavimus,
767 2025 816 2090 bie
838 2035 937 2090 autern
958 2023 1154 2111 adjiciendum
1177 2034 1236 2100 est,
1265 2045 1313 2088 se·

298 2139 423 2207 condam
447 2141 556 2218 solam,
586 2163 648 2206 uon
674 2144 791 2206 tertiam
813 2138 981 2228 Singularis
1003 2153 1033 2206 et
1054 2139 1182 2206 Pluralis
1204 2137 1313 2205 Futuri
1444 2211 1445 2226 ,

297 2279 455 2345 personam
476 2257 645 2343 Imperativi
667 2260 760 2324 vicem
783 2249 932 2339 babere²).

364 2372 427 2436 VII.
462 2369 671 2437 ὕποθέσιν.
702 2409 738 2422 -·
769 2371 908 2450 Rectius,
933 2393 1021 2460 quam
1043 2371 1175 2460 Vulgata
1199 2392 1313 2459 ‘nego-

297 2490 408 2565 tiuma,
431 2486 652 2574 Hombergbius
669 2487 745 2552 bane
761 2509 861 2552 vocem
886 2510 1051 2554 scoacum·
1067 2488 1228 2566 transtulit,
1245 2509 1312 2552 cum
1443 2543 1444 2576 ,

298 2615 363 2669 tota
384 2623 432 2668 res
455 2604 486 2667 in
497 2601 644 2688 judicium
659 2601 786 2667 deducta
800 2616 989 2691 proponatur
1003 2618 1033 2671 et
1047 2607 1113 2692 ipsa
1128 2603 1210 2670 verbi
1225 2605 1312 2668 notio

299 2721 399 2784 omnia
422 2718 642 2806 complectatur,
666 2740 743 2808 quae
761 2717 871 2805 judicis
887 2722 1073 2808 inquisitioni
1088 2719 1312 2786 submittantur.

364 2835 441 2902 VIII.
464 2829 565 2900 κατὰ
587 2828 657 2920 τὴν
678 2835 747 2901 τοῦ
770 2834 1042 2922 reposcerem
1066 2873 1098 2889 -
1128 2835 1218 2920 Quod
1234 2833 1315 2900 Bur-
1442 2909 1443 2916 ,

299 2944 431 3034 ehardi¹)
455 2952 502 3017 his
525 2951 640 3030 verbis,
664 2975 746 3032 eum,
776 2975 865 3040 quam
887 2953 1051 3040 Imperator
1073 2951 1228 3040 designare
1256 2971 1315 3038 po·

298 3071 398 3146 tuerit,
420 3068 501 3132 nulla
517 3067 553 3132 de
569 3065 689 3134 duobus
705 3072 764 3134 reis
779 3068 827 3134 lex
843 3068 930 3146 adsit,
948 3067 1063 3134 decerni
1080 3065 1211 3145 eredidit,
1234 3087 1314 3154 quos

299 3183 449 3250 debitores
472 3183 625 3270 legislator
646 3183 836 3262 intellexerit,
867 3196 972 3251 auctor
993 3207 1055 3249 non
1077 3181 1249 3273 perpendit,
1279 3203 1317 3248 ea
1441 3163 1442 3253 l

299 3299 338 3365 ad
359 3301 543 3364 exactionem
566 3297 669 3375 solidi,
694 3320 765 3386 ergo
788 3298 828 3363 ad
848 3302 944 3387 ipsam
967 3312 1099 3365 nostram
1124 3301 1317 3365 constitutio·
1440 3359 1441 3390 ,

299 3437 365 3479 nem
392 3417 553 3502 respicere,
583 3413 636 3478 sed
666 3417 805 3502 opinatus
832 3428 879 3480 est
898 3414 1016 3481 Nov.d
1043 3408 1205 3498 indicari⁴).
1252 3411 1319 3481 Sed
1440 3393 1441 3402 ἒ

300 3542 419 3594 exstent
441 3530 529 3618 leges,
554 3529 723 3618 exquibus
747 3554 764 3596 a
788 3535 897 3597 carreis
920 3530 1049 3597 solidum
1071 3534 1131 3619 peti
1155 3532 1262 3620 possit.

353 3713 375 3782 ι)
398 3712 431 3767 V.
450 3709 522 3783 512.
550 3741 584 3751 —
611 3711 635 3780 ²)
652 3713 767 3768 lliattbiac
784 3712 829 3768 ll.
845 3713 933 3784 5498,
950 3713 1023 3769 bed.
1051 3715 1161 3788 haegen
1177 3711 1223 3767 ll
1243 3711 1320 3784 553,

299 3811 391 3866 tect.
419 3811 518 3866 Curtius
536 3809 581 3864 l.l.
600 3808 688 3880 5499.
702 3812 736 3867 Δ,

352 3908 375 3977 ³)
399 3908 533 3963 Burcbardi
549 3906 597 3962 tt
614 3925 639 3979 p.
652 3907 695 3962 61.

352 4006 376 4073 ⁴)
398 4005 540 4078 Vangerow
556 4004 573 4059 l.
586 4004 603 4059 l.
621 4022 645 4076 p.
658 4004 694 4062 89
712 4007 812 4092 candem
830 4007 973 4062 sententiam
991 4007 1060 4063 lateri
1078 4008 1181 4064 videtur.
