2936 4554
620 311 780 413 *aa*

260 491 424 558 Electionis'
442 490 619 557 vocabulum
643 490 681 556 ad
704 513 753 556 cas
777 513 837 557 non
866 463 1058 579 singularitati
1073 493 1206 582 'pertinet

195 607 401 694 obligationes,
427 607 535 695 quibus
559 606 595 673 de
618 607 667 672 hic
689 610 797 696 agitur,
822 608 852 672 id
875 607 958 694 quod
980 629 1053 672 mox
1075 629 1113 672 ex
1131 610 1205 696 ipsis

193 721 327 788 sontibus
350 721 555 810 probabimus.
597 723 689 788 lmmo
713 745 784 788 vcro
807 724 862 788 hac
884 745 957 788 voce
979 726 1010 788 in
1033 726 1204 788 universum

192 840 384 928 significatur,
409 863 424 905 e
447 838 584 927 pluribus
607 837 697 904 rebus
721 839 767 902 vel
783 842 930 926 personis,
955 860 1031 927 quac
1054 838 1204 926 eligendae

192 955 366 1034 offeruntur,
391 977 480 1020 unam
503 957 590 1020 sumi.
635 955 738 1042 ltaque
761 954 884 1021 verbum
906 955 997 1020 hocce
1017 957 1049 1019 io
1065 952 1203 1020 omnibus

190 1095 283 1161 paene
300 1074 379 1159 juris
403 1074 532 1137 materiis
555 1083 633 1137 recte
657 1070 798 1136 utendum
828 1069 971 1148 dabatur,
1002 1070 1055 1136 sed
1078 1093 1114 1134 ex
1138 1073 1204 1156 ipsa

190 1190 254 1276 ejus
278 1191 400 1254 notione
427 1190 578 1275 sequitur,
606 1185 637 1251 id
666 1171 792 1252 mauime
821 1186 858 1252 de
886 1186 1023 1274 pluribus
1051 1188 1109 1252 reis
1132 1206 1204 1273 pro-

190 1303 323 1370 mittendi
353 1303 415 1368 rell.
445 1305 596 1389 aptissime
627 1301 776 1378 adhiberi,
811 1300 842 1366 id
878 1302 961 1389 quod
993 1301 1103 1368 lactum
1139 1325 1203 1370 esse

190 1418 329 1506 permulti
351 1416 478 1483 lentium
506 1416 564 1480 loci
588 1416 759 1482 ostendunt.
804 1415 886 1482 Neve
910 1416 1103 1495 obliviscaris,
1128 1417 1205 1484 obli·

190 1536 339 1626 gationem
366 1534 524 1620 praecipue
551 1553 604 1619 per
631 1533 797 1596 institutam
820 1535 966 1598 actionem
988 1535 1131 1609 exerceri,
1162 1535 1202 1598 ita

190 1663 226 1715 ut
247 1672 310 1714 vox
333 1648 483 1713 electionis
509 1649 680 1734 saepissime
706 1646 742 1712 dc
769 1651 883 1713 actionc
905 1647 1086 1734 intelligatur
1113 1669 1203 1735 opor·

190 1777 260 1831 teat
276 1763 393 1829 Diversi
416 1775 514 1828 autem
537 1764 672 1840 actionis,
697 1767 750 1850 qui
772 1775 839 1828 ante
857 1776 887 1828 et
908 1776 980 1851 post
1001 1763 1202 1828 lastinianum

190 1883 221 1947 in
243 1881 290 1967 his
313 1882 425 1945 nostris
455 1876 688 1966 obligationibus
718 1877 907 1956 obtinebant,
937 1877 1056 1944 effectus
1081 1878 1203 1945 Glossa-

189 1994 306 2062 toribus
329 2007 359 2059 ct
381 1992 519 2060 omnibus
542 2015 638 2081 usque
653 1993 691 2059 ad
706 2007 842 2060 nostrum
865 2008 982 2084 tempus
1006 1995 1201 2083 scriptoribus

189 2125 296 2176 matres
319 2109 439 2176 luerunt
469 2109 705 2188 dissensionum,
734 2132 810 2199 quae
838 2114 989 2178 intereos
1012 2114 1043 2176 in
1067 2110 1201 2178 doctrina

189 2228 339 2294 electionis
363 2227 510 2315 disputari
532 2225 677 2292 solebant.

256 2343 346 2428 Quod
367 2355 464 2408 autem
488 2341 527 2406 ad
548 2344 699 2408 notionem
716 2343 866 2409 electionis
888 2346 1017 2432 respicit,
1041 2348 1201 2410 sententiae

188 2481 227 2526 cx
250 2481 285 2524 co
308 2457 457 2547 proiectae
481 2471 552 2523 sunt
580 2457 811 2536 diversissimae,
843 2460 925 2547 quod
953 2440 1002 2524 alii
1030 2461 1200 2526 electionem

187 2577 307 2641 nonnisi
330 2573 365 2639 dc
383 2577 498 2639 actione
514 2585 618 2638 contra
633 2597 725 2639 unum
742 2597 758 2638 c
775 2574 912 2663 pluribus
928 2574 1124 2658 debitoribus,
1150 2581 1201 2665 qui

187 2695 218 2757 iu
241 2690 362 2756 eandem
386 2710 528 2754 summam
553 2688 676 2777 obligati
699 2693 768 2767 sint,
792 2691 966 2756 insolidum
984 2705 1075 2772 mota,
1100 2693 1149 2758 alii
1165 2693 1200 2758 dc

187 2827 324 2893 persona,
348 2809 379 2868 in
395 2805 523 2868 solidum
539 2816 591 2868 aut
605 2825 660 2890 pro
681 2816 765 2891 parte
787 2806 997 2883 convenienda,
1022 2807 1199 2896 intelligunt,

188 2924 260 3010 quin
289 2923 375 2986 ctiam
405 2919 441 2982 de
470 2931 553 3006 parte
582 2916 675 2983 debiti
703 2917 741 2982 ab
768 2939 830 2982 uno
854 2916 1022 2985 debitorum
1046 2933 1130 2986 extra
1149 2924 1201 3008 ju·

187 3037 295 3102 dicium
319 3035 432 3110 soluta,
457 3053 518 3120 quo
541 3053 612 3096 casu
635 3031 759 3098 cundem
783 3055 801 3096 a
824 3032 967 3099 creditore
991 3034 1113 3100 electum
1136 3058 1200 3102 esse

187 3151 298 3217 dicunt.
346 3149 428 3232 Quae
458 3146 526 3213 inde
555 3150 670 3213 evenire
698 3151 856 3236 praecipue
883 3145 957 3214 falsa
982 3150 1014 3214 L.
1041 3149 1082 3216 18
1104 3150 1137 3218 C.
1163 3153 1199 3218 de

185 3270 279 3354 pactis
308 3277 337 3331 et
360 3266 393 3330 L.
411 3262 453 3330 23
478 3261 512 3329 C.
538 3262 574 3327 de
601 3263 770 3352 fidejussor.
794 3267 1036 3353 interpretatione
1064 3268 1198 3356 perducti

185 3383 350 3456 docuerint,
374 3383 405 3444 in
428 3379 634 3444 dissertatione
657 3393 761 3445 nostra
784 3383 901 3469 saepius
923 3381 1042 3453 laudate
1057 3405 1197 3474 rogamus

185 3511 220 3564 ut
242 3500 391 3586 inspicias.

250 3612 353 3701 Neque
376 3612 458 3700 apud
479 3611 634 3688 loannem,
658 3631 754 3698 neque
778 3611 858 3700 apud
883 3611 1025 3693 elnonem,
1050 3637 1144 3704 neque
1168 3620 1198 3681 in

186 3727 293 3794 Glossa
315 3728 451 3793 Accursii
480 3727 582 3792 electio
613 3726 648 3791 dc
679 3739 764 3814 parte
790 3728 919 3815 petenda
941 3731 989 3794 vel
1011 3742 1096 3795 extra
1114 3730 1198 3816 judi·

183 3847 261 3908 cium
276 3843 443 3930 recipienda
458 3843 640 3930 intelligitur,
663 3842 715 3907 sed
731 3865 748 3906 a
765 3837 872 3927 Cino¹)
889 3844 1006 3912 demum
1021 3845 1196 3912 Pistoriensi

238 3995 259 4063 ²)
283 3997 358 4050 cinus
375 3996 405 4051 ad
423 3999 453 4052 L.
469 3996 509 4052 18.
528 3985 556 4052 lt.
574 3998 604 4052 de
622 3999 697 4072 pactis
715 4016 752 4056 nr.
768 4000 792 4060 l.
831 4051 836 4061 .
