2936 4554
616 308 790 420 ,αι-ι..

203 493 248 560 ἐκ.
270 492 398 574 anate,
421 492 649 582 Homderplciua
671 479 778 571 autem,
807 498 859 583 qui
883 517 917 559 ea
940 496 1019 560 hune
1042 498 1072 560 in
1094 491 1217 560 modum

204 614 390 678 transvertit:

316 751 367 792 an.
383 740 405 792 t.
430 731 528 792 statim
556 749 582 792 a.
598 730 618 794 i.
643 727 771 793 solidum
795 750 812 792 a
835 728 958 824 singulis
983 731 1133 817 exigatur,
1165 725 1217 790 sed

315 848 430 911 interim
453 865 509 931 pro
532 857 626 930 parte,
655 864 715 931 qua
738 864 788 931 qu.
807 855 844 908 t«

203 954 382 1047 ὁλόκληρον
405 953 517 1024 α’παιτ.
539 959 699 1025 subaudire
715 959 842 1024 videtur.
879 959 981 1046 ltaque
997 957 1217 1045 Homberglxins

202 1099 258 1163 pro
283 1074 425 1162 thjecto
455 1078 599 1143 enuntiati
628 1074 825 1141 antecedentis
856 1070 1073 1158 »ὁλόκληρον
1101 1073 1216 1151 habuit,

204 1191 375 1279 quodcum
399 1205 529 1268 auctore,
553 1203 588 1256 nt
605 1191 732 1269 videtur,
758 1191 903 1279 Vulgatae
927 1189 1052 1256 eredidit
1074 1192 1115 1254 ita
1138 1192 1217 1278 exigi

204 1305 325 1383 debere,
355 1318 390 1371 ut
417 1319 517 1393 partes
547 1309 677 1371 omnium
708 1307 794 1370 simul
822 1319 911 1394 atque
934 1308 1114 1392 conjunctim
1136 1317 1218 1393 pete-

203 1434 315 1487 rentur.
338 1421 470 1509 Vulgata
485 1433 581 1486 autem
598 1435 627 1486 et
643 1425 798 1510 praecipue
810 1420 980 1485 Haloander
991 1422 1126 1486 ἕκαστον
1138 1419 1218 1486 Sub·

199 1539 311 1624 jectum
335 1559 399 1602 esse
422 1548 606 1624 acceperunt.

270 1653 385 1741 Regula
408 1656 479 1721 artis
502 1655 707 1740 grammaticae
730 1651 803 1717 haec
821 1645 910 1734 est³)=
934 1654 959 1716 si
974 1651 1113 1716 Activnm
1132 1652 1217 1738 cujus

202 1768 296 1835 Verbi
326 1768 403 1834 duos
435 1771 560 1856 requirit
588 1769 784 1835 Accusativos
816 1767 1008 1856 Objectorum
1038 1763 1131 1849 (alva
1158 1769 1216 1848 cl),

204 1903 282 1950 unus
306 1907 342 1950 ex
359 1884 405 1949 his
422 1885 539 1950 mribus
555 1888 586 1953 in
601 1885 726 1950 Passivo
748 1888 788 1950 ita
804 1897 945 1962 mutatur,
969 1896 1014 1960 ut,
1036 1882 1217 1949 Accusativo

203 2005 246 2066 rei
269 2005 384 2089 integro
409 2013 543 2079 servato,
570 2001 768 2067 Accusativus
790 2023 935 2089 personae
959 1998 1132 2086 Subjectum
1154 1999 1215 2076 fiat,

204 2121 343 2205 quocirca
364 2117 534 2184 Haloander
557 2131 586 2182 et
605 2117 736 2205 Vulgata
758 2131 836 2184 recte
859 2119 1075 2194 existimarunt,
1100 2116 1218 2180 »laa-

205 2249 315 2298 ococ«
339 2231 513 2320 Subjectum
537 2247 567 2299 ct
588 2235 695 2322 hujus,
721 2233 839 2321 quade
863 2231 1029 2321 supplenda
1052 2235 1160 2319 agitur,
1189 2245 1218 2297 et

204 2349 400 2432 antecedentis
423 2350 539 2437 periodi
562 2343 891 2437 accipiendum.esse⁴).

270 2464 484 2553 Supplcmento
519 2469 611 2554 igitur
643 2465 885 2554 Hombcrgkiano
921 2477 1036 2531 remoto
1067 2465 1130 2551 jam
1165 2465 1216 2542 illi,

203 2582 286 2670 qnod
314 2581 440 2648 fortasse
469 2586 583 2649 auctori
612 2581 756 2671 Vulgatae
784 2584 910 2670 placuit,
939 2603 1116 2671 persuasum
1146 2582 1217 2646 mihi

202 2696 298 2762 habeo
322 2719 442 2762 sensum
464 2718 639 2786 repugnare.
680 2696 759 2781 Quid
783 2703 858 2763 enim
878 2711 932 2777 est,
956 2697 1040 2786 quod
1053 2699 1218 2786 Imperator
1283 2727 1286 2734 ⁴

204 2811 344 2878 edixerit:

315 2952 366 2994 an.
379 2941 401 2994 t.
414 2951 451 2992 m.
470 2951 496 2992 a.
507 2932 526 2993 i.
544 2951 574 2994 u.
587 2931 607 2993 i.
624 2949 648 2993 s.
662 2930 750 3017 exigi,
776 2927 828 2992 sed
843 2931 960 2993 interim
975 2949 1218 3018 unumquemque

315 3047 344 3110 in
368 3045 496 3110 solidum
520 3047 598 3134 exigi
622 3044 784 3109 secundum
806 3057 930 3133 partem,
954 3066 984 3132 q.
1001 3067 1031 3110 ιι.
1049 3067 1077 3110 o.
1095 3045 1159 3110 esi

256 3299 278 3369 3)
302 3300 413 3374 llruegcr
431 3298 499 3371 §52
512 3300 538 3354 4.
551 3301 583 3356 A.
597 3301 622 3356 6.
651 3301 750 3357 (turtius
769 3299 856 3372 5402.
869 3301 901 3356 A.
929 3301 994 3372 Pape
1013 3317 1033 3354 s.
1046 3319 1070 3354 v.
1090 3303 1171 3356 αἰτέω.

256 3400 279 3468 ⁴)
303 3400 458 3470 Quamquam
477 3398 619 3470 Subjeetum
637 3401 822 3455 dominativum
843 3401 956 3471 requirit,
981 3407 1061 3454 tamon
1082 3418 1132 3454 non
1155 3398 1217 3454 falso

203 3498 310 3554 ἕκαστον
325 3496 465 3567 Subjectum
485 3514 538 3552 ecoe
556 3497 732 3564 contendimus,
751 3515 807 3552 cum
823 3497 944 3572 legialater
960 3499 985 3552 in
1003 3497 1116 3552 edicendo
1134 3499 1216 3552 Aecu-

203 3598 285 3650 oativis
304 3613 361 3650 eum
378 3595 423 3650 lnf.
442 3613 487 3666 pro
500 3595 648 3667 Imperativia
667 3612 729 3650 usus
745 3597 784 3649 eit.
804 3626 838 3635 —
856 3595 912 3651 Alia
925 3596 1024 3668 quidem
1037 3597 1146 3668 quaestio
1159 3594 1217 3650 lun·

203 3695 315 3749 damento
330 3693 424 3748 meliori
435 3695 528 3760 nititur,
542 3701 626 3748 utrum
639 3693 725 3748 seilicet
738 3691 905 3750 ἀπαιτεῖσθαι
916 3695 1054 3758 Ριειίιιιιιι,
1068 3712 1098 3746 an
1107 3691 1217 3746 Medium

203 3793 242 3858 sit,
261 3794 318 3863 quia
336 3800 360 3846 et
376 3794 457 3863 ipsum
477 3791 584 3846 Medium
605 3791 724 3864 duplicem
742 3791 811 3847 illum
829 3793 1003 3848 Accusativum
1021 3791 1109 3844 habere
1126 3796 1215 3860 potest

203 3890 271 3952 Quae
283 3892 401 3961 quaeatio,
416 3907 472 3944 cum
485 3890 515 3944 ad
526 3892 740 3962 interpretationes,
760 3891 850 3970 quibus
863 3893 892 3948 de
903 3891 941 3952 hic
954 3892 1057 3972 agimus,
1075 3906 1126 3943 non
1136 3889 1215 3966 respi-

202 3987 256 4054 ciat,
274 3986 337 4042 inlra
354 3985 415 4061 §39
433 3987 580 4048 nocebitur.
