2952 4556
631 343 790 444 A

203 539 313 603 torem,
342 528 394 613 qui
418 523 542 589 eundem
565 545 621 612 pro
645 535 728 611 parte
759 536 794 588 ut
817 521 1006 610 principalem
1029 543 1127 598 reum,
1156 541 1213 608 pro

203 655 286 730 parte
309 653 345 706 ut
365 640 570 727 fidejussorem
594 642 688 704 correi
711 642 876 717 conveniat,
900 639 977 703 idem
993 636 1116 714 efficere,
1140 637 1214 700 acsi

202 759 345 824 adversus
366 769 526 844 utrumque
549 769 584 820 ut
598 755 789 844 principalem
804 777 887 820 reum
901 776 958 842 pro
974 766 1057 841 parte
1072 765 1214 840 expertus
1289 839 1291 844 Ι

202 887 294 952 esset,
318 877 360 940 ita
382 883 417 938 ut
434 873 669 961 jurisconsultus
693 870 914 959 quodammodo
938 872 1103 957 scripserit:
1133 890 1213 931 »non
1304 909 1315 924 -

201 1013 285 1057 secus
313 1013 348 1055 ac
377 993 407 1054 si'
424 989 494 1054 illos
522 1001 671 1076 tamquam
701 986 778 1053 duos
805 985 996 1075 promittendi
1020 1007 1087 1050 reos
1111 985 1214 1048 divisis
1297 1016 1301 1024 ·

201 1106 367 1173 actionibus
393 1097 638 1187 'conveniret«¹⁸).
686 1103 741 1169 Sin
769 1125 840 1168 vero
872 1125 906 1167 ea
933 1093 1027 1167 verba'
1053 1099 1215 1164 secundum

199 1223 416 1290 Dedebindium
433 1221 606 1310 explicanda
622 1232 729 1296 essent,
753 1219 934 1306 Papinianus
951 1219 1055 1283 similia
1071 1239 1132 1282 non
1148 1237 1214 1280 cum

202 1338 357 1416 similibus,
382 1337 433 1402 sed
459 1360 524 1402 cum
548 1334 739 1401 dissimilibus
763 1335 945 1399 contulisset.

271 1453 454 1540 Quamquam
478 1455 570 1540 igitur
585 1452 820 1536 interpretationi
837 1447 1033 1536 Savignianae
1051 1451 1091 1513 ita
1114 1471 1215 1513 assen-

203 1568 423 1634 tiendumesse
447 1587 561 1642 censeo,
586 1578 683 1629 tamen
706 1586 767 1627 uon
783 1585 907 1650 possum
924 1567 996 1650 qnin
1012 1564 1214 1627 conclusiones

204 1684 242 1749 ab
266 1705 300 1749 eo
318 1695 439 1748 auctore
454 1681 601 1746 derivatas
618 1682 738 1744 omnino
755 1677 920 1764 reprobem.
956 1678 1044 1742 Ratio
1064 1677 1214 1743 decidendi

203 1801 302 1867 libera
317 1799 469 1865 creditoris
485 1797 626 1862 uoluntas
640 1808 694 1872 est,
718 1817 814 1882 neque
832 1793 960 1859 creditor
978 1793 1108 1858 dividere
1124 1793 1214 1870 volet,

204 1917 230 1982 si
254 1915 392 1979 damnum
417 1937 454 1979 cx
478 1937 511 1980 aa
533 1937 565 1980 re
587 1935 731 2002 passurus
756 1914 804 1976 sit.
852 1909 1051 1994 Quamobrem
1073 1911 1215 1996 imprimis

203 2053 265 2097 non
281 2030 401 2108 dividet,
418 2034 443 2096 si
458 2030 617 2118 fidejussor
632 2052 670 2094 ex
681 2049 810 2116 persona
825 2030 866 2091 rei
878 2028 1048 2114 principalis
1065 2028 1216 2112 exceptio·

203 2169 269 2213 nem
291 2150 540 2235 compensationis
558 2167 709 2235 opponere
732 2147 831 2233 possit
851 2140 947 2231 (quod
963 2142 1097 2232 Sarigny
1112 2165 1216 2207 secun·

204 2263 275 2329 dum
299 2263 452 2351 Cujaciutn
480 2262 620 2350 accepit),
648 2275 700 2327 aut
723 2285 789 2326 cum
813 2265 1017 2326 excussionem
1045 2257 1215 2345 objecturus

204 2382 244 2446 sit
266 2376 362 2467 (quod
377 2383 440 2467 ipse
456 2378 571 2444 addidit
592 2379 660 2444 talis
674 2378 860 2465 fidejussoris
878 2371 1089 2458 commodum).
1122 2375 1215 2438 immo

203 2517 274 2564 vcro
290 2496 472 2584 Papinianus
488 2495 552 2582 ejus
569 2495 662 2560 solius
678 2493 807 2574 effectus,
826 2497 877 2582 qui
898 2495 1065 2561 exactione
1084 2490 1216 2558 mandati

259 2741 292 2810 ¹⁸)
316 2743 383 2806 Quae
400 2742 564 2813 interpretatio
583 2739 637 2808 (cir.
650 2739 779 2814 Sebragius
796 2741 853 2812 Cap.
866 2738 906 2808 ll.)
924 2737 1060 2811 paullulum
1078 2755 1093 2792 a
1110 2736 1217 2812 Savignil

205 2839 322 2892 sententia
340 2839 447 2904 discedit,
466 2841 509 2910 qui
527 2840 635 2910 scripsit:
654 2839 757 2910 »gerade
775 2857 803 2891 sc
821 2839 870 2890 wie
888 2855 914 2891 er
932 2838 993 2890 auch
1012 2838 1049 2890 die
1061 2835 1137 2908 Klage
1155 2838 1216 2890 zwi-

205 2934 278 2988 ecbcn
295 2936 357 2988 zwei
370 2934 610 2989 sscmealscbuldnern
628 2933 789 2986 willkiibrlich
806 2931 894 2986 tbcilen
912 2933 997 2986 kann«
1022 2934 1063 2986 Ex
1076 2951 1131 2987 mea
1141 2935 1216 2986 inter-

205 3032 337 3102 pretatione
355 3033 432 3084 satius
451 3032 577 3085 discrimen
595 3039 706 3102 apparet,
725 3030 790 3100 quod
809 3031 871 3083 inter
888 3031 1070 3088 conventionem
1087 3032 1217 3100 utriusque

205 3129 281 3182 correi
299 3146 343 3199 pro
361 3137 427 3199 parte
445 3136 469 3182 ct
487 3129 627 3199 petitionem
646 3135 729 3181 contra
748 3127 852 3180 eundem
869 3145 913 3198 pro
932 3125 1004 3186 altera
1017 3135 1084 3199 parte
1101 3135 1131 3182 ut
1147 3143 1217 3181 reum

205 3225 366 3298 principalem,
383 3243 427 3297 pro
446 3224 519 3279 altera
537 3233 565 3278 ut
581 3215 751 3296 fidejussorem
770 3227 845 3279 correi
858 3235 995 3297 susceptam
1007 3226 1116 3299 Savigny
1126 3243 1151 3297 p.
1164 3223 1216 3280 269

204 3333 256 3379 not.
269 3343 290 3380 c.
308 3323 395 3388 attulit,
417 3321 506 3378 scilicet
523 3323 589 3395 quod
608 3323 711 3378 creditor
728 3323 757 3377 ab
776 3341 825 3378 uno
845 3343 928 3380 omnes
947 3324 1019 3379 debiti
1036 3332 1116 3396 partes
1134 3324 1218 3395 recipit

205 3429 229 3476 et
246 3429 327 3476 tamen
344 3423 406 3475 inter
423 3430 556 3494 utrumque
574 3422 682 3477 debiturn
701 3422 793 3476 dividit.
829 3423 894 3478 Nam
915 3425 937 3478 si
954 3422 1073 3478 debitores
1091 3431 1217 3495 tamquam

205 3537 301 3574 corrcos
320 3519 421 3574 debendi
438 3522 560 3575 conveniri
578 3529 695 3593 oporteat,
715 3521 818 3576 creditor
829 3523 946 3575 actionem
958 3523 992 3574 ita
1003 3529 1099 3576 tantum
1112 3521 1217 3576 dividere

205 3624 292 3688 potest,
311 3623 340 3670 ut
357 3617 474 3672 adversus
492 3627 626 3690 utrumque
643 3635 688 3690 pro
706 3627 773 3690 parte
791 3627 853 3691 agat,
874 3620 940 3690 quod
958 3620 1079 3673 interdum
1097 3621 1119 3673 ci
1136 3619 1217 3689 pemi-

205 3716 300 3768 ciosum
318 3733 370 3769 esse
389 3717 491 3781 ridetur,
510 3715 569 3770 dum
588 3718 639 3770 sine
657 3715 707 3771 ullo
721 3717 808 3770 damno
823 3718 940 3771 actionem
952 3717 1049 3781 dividet,
1068 3719 1088 3770 si
1101 3715 1216 3769 adversus

205 3829 283 3866 unum
301 3830 333 3866 ex
351 3812 446 3866 duabus
465 3813 650 3886 obligationibus
663 3813 693 3868 de
704 3815 813 3885 partibus
826 3814 898 3868 debiti
911 3816 1013 3886 experiri
1026 3821 1105 3884 queat.
1133 3813 1218 3882 ltaque

205 3907 243 3962 hic
261 3909 386 3965 divisionis
405 3911 494 3966 modus
512 3912 584 3964 etiam
602 3910 632 3964 ad
644 3911 767 3966 creditorIs
781 3911 908 3966 utibtatem
921 3909 1101 3984 quodammodo
1113 3910 1217 3981 respicit,

206 4023 263 4082 crgo
282 4009 354 4062 ctiam
372 4008 496 4080 fidejussio
515 4017 601 4064 mutua
619 4008 716 4081 adjecta.
818 4041 821 4048 ·
