2952 4556
584 317 745 418 A„

276 498 306 564 Li
323 498 358 564 Ti
376 498 427 576 Si,
452 520 527 587 quoe
541 497 634 564 XXX
657 497 728 562 mibi
751 498 873 578 debetis,
898 498 999 565 eadem
1019 501 1081 566 vice
1105 523 1171 566 mu-

195 681 200 688 ,
315 628 366 681 tua
388 614 445 680 lide
470 627 568 680 vestra
591 635 655 678 esse
673 612 811 700 jubetis?

170 725 242 792 Num
263 743 355 797 autern
379 731 452 795 hacc
475 731 644 816 stipulatio:

167 839 169 844 ’
271 843 352 930 Quae
376 845 411 911 S·
436 859 465 911 et
489 845 528 910 T·
552 845 613 910 XX
640 845 713 910 mihi
742 845 865 924 debent,
894 867 928 911 ea
950 843 1002 924 Li,
1032 845 1090 910 fido
1118 859 1171 912 tua

199 979 203 988 ·
313 983 376 1026 csse
395 960 508 1047 jubes?

163 1071 338 1141 admittenda
360 1080 400 1141 sit
422 1097 522 1154 necne,
547 1077 583 1142 dc
605 1099 639 1142 ea
654 1100 686 1143 re
701 1078 810 1166 ambigi
825 1099 886 1142 non
901 1091 1011 1166 potest.
1032 1115 1068 1127 -
1089 1075 1171 1160 Quae

160 1203 258 1256 nostra
289 1194 435 1257 sententia
463 1195 569 1279 cuique
598 1206 662 1257 rata
686 1196 756 1270 erit,
786 1197 837 1279 qui
859 1193 940 1258 Ltt
966 1217 1013 1282 pr.
1039 1193 1074 1257 de
1098 1192 1170 1258 duo.

156 1309 212 1370 reis
227 1322 338 1375 attente
354 1309 467 1394 legerit,
491 1307 579 1394 longe
599 1307 718 1394 plurimi
737 1321 833 1373 autern
855 1313 1015 1395 scriptores
1032 1308 1171 1374 videntur

85 1478 87 1482 .
156 1425 378 1511 stipulationem
402 1422 480 1484 illam
504 1419 605 1483 salsam
629 1434 696 1484 ante
721 1422 823 1498 oculos
847 1421 998 1487 habuisse.

142 1615 144 1622 y
223 1537 316 1618 Quod
339 1535 377 1598 ad
400 1533 533 1597 effectum
548 1545 668 1597 mutuae
682 1532 882 1626 fidejussionis
904 1539 1018 1611 attinet,
1042 1558 1104 1599 non
1125 1539 1172 1602 in·

153 1651 291 1714 ficiamur
319 1670 357 1712 ex
386 1667 419 1710 ea
449 1646 609 1711 nonnullis·
629 1649 659 1711 in
690 1645 806 1711 casibus
830 1652 999 1713 societatem
1023 1649 1171 1735 quandam

154 1787 277 1832 reorum
308 1764 389 1829 oriri.
429 1761 486 1827 Ubi
516 1765 591 1827 enirn
620 1785 676 1851 pro
701 1761 817 1840 debito,
848 1764 931 1850 quod
954 1763 1056 1828 eodem
1080 1763 1170 1829 modo

157 1881 194 1948 nti
226 1901 328 1945 ornnes
357 1881 498 1966 pertinet,
529 1881 772 1956 intercesserunt,
802 1879 886 1966 quod
908 1882 939 1944 in
963 1879 1079 1944 casibus
1104 1879 1173 1943 Bal·

157 1997 257 2074 dnini,
282 1995 411 2071 Donelli‚
437 1995 615 2072 Haloandri‚
641 1994 775 2082 Savignii
803 1995 852 2070 fit,
880 1995 940 2082 jam
970 1994 1008 2060 ob
1036 2009 1170 2060 naturam

159 2113 349 2200 obligationis
372 2111 543 2198 principalis
566 2111 756 2198 fidejussores
780 2115 875 2175 mutui
899 2115 1007 2177 arctius
1027 2112 1172 2199 quodam·

157 2227 248 2292 modo
287 2231 363 2291 inter
401 2249 431 2291 se
466 2229 698 2315 conjunguntur.
745 2227 811 2312 lpse
844 2239 947 2291 mutua
981 2227 1171 2312 fidejussione

158 2356 256 2408 autem
282 2355 345 2406 turn
373 2355 487 2408 tantum
511 2343 661 2406 vinculum
685 2344 814 2406 strictius
839 2341 1006 2407 debitorum
1029 2345 1169 2421 nascitur,

159 2480 225 2523 cum
254 2457 327 2522 alter
355 2457 497 2522 adversus
527 2458 651 2522 alterum
674 2456 803 2522 mandati
826 2461 969 2524 actionem
994 2471 1170 2523 consecutus

158 2573 247 2638 suerit
268 2586 298 2639 et
321 2595 510 2660 compensare
532 2577 652 2660 poterit,
689 2571 778 2656 Quod
797 2577 914 2638 unicum
935 2573 1083 2662 singulare
1099 2573 1171 2636 fide-

154 2689 299 2774 jussionis
329 2701 448 2753 mutuae
476 2711 556 2764 esse,
592 2688 632 2753 ob
663 2691 807 2753 rationem
834 2690 990 2776 Papiniani
1020 2688 1170 2754 »dividere

159 2825 220 2868 non
249 2803 410 2900 cogendusv
429 2816 474 2867 est
501 2799 555 2884 (sc.
580 2801 740 2885 creditorls
772 2826 946 2889 persuasum
968 2804 1039 2869 mihi
1062 2802 1168 2886 habeo,

160 2939 226 2982 cum
248 2939 335 2981 nemo
359 2917 486 2982 creditor
508 2919 582 2984 adeo
606 2919 715 2984 stultus
739 2923 787 2996 sit,
816 2933 849 2984 ut
871 2923 1015 2984 actionem
1039 2917 1170 2982 dividere
1280 2937 1284 2952 ·

160 3034 246 3096 etiam
270 3043 333 3094 turn
356 3031 435 3104 velit,
460 3054 525 3096 curn
549 3038 737 3121 exceptiones
761 3039 786 3099 ei
810 3038 923 3121 opponi
945 3037 1073 3121 possint.

225 3147 413 3211 Postremum
443 3147 526 3233 quod
548 3147 691 3213 Donellns
721 3163 749 3214 et
770 3149 934 3214 Balduinus
963 3149 1168 3234 fidejussiones

147 3261 354 3327 ,succedaneas
377 3283 433 3348 pro
456 3261 698 3348 fidejussionibus
719 3268 829 3329 mutuis
845 3263 1022 3340 habuerunt,
1047 3276 1169 3327 naturae

159 3377 358 3464 fidejussionis
381 3389 500 3442 mutuae
523 3382 702 3443 contrarium
726 3401 790 3444 osse
805 3402 867 3443 non
881 3393 967 3466 puto,
991 3400 1168 3466 quamquam

157 3515 245 3581 nego,
269 3489 341 3556 citt.
356 3487 562 3568 ὑπευθύνους
584 3493 723 3558 Novellae
747 3508 866 3559 nostrae
889 3495 1078 3579 fidejussores
1102 3515 1170 3556 suc·

158 3608 302 3673 cedancos
336 3631 399 3674 esse
434 3622 464 3673 et
497 3623 631 3674 naturam
669 3609 857 3697 obligationis
892 3610 1061 3696 principalis
1096 3608 1169 3672 fide·

152 3724 289 3810 jussione
312 3736 415 3789 mutua
438 3725 496 3790 hoc
518 3725 565 3789 vel
588 3726 644 3790 alio
668 3724 758 3789 modo
782 3723 911 3810 infringi.

555 3931 769 3944 ——Q———noe
