2936 4554
643 317 802 422 „qs-e-

212 504 348 592 requirit,
370 522 467 589 neque
491 523 508 564 a
530 499 627 565 limine
646 500 751 586 judicii
775 512 859 566 actor
875 498 975 588 repelli
993 499 1102 589 potest,
1126 499 1227 588 quiea

213 623 304 684 nixus
332 617 370 683 ab
402 639 464 682 uno
493 639 532 682 ex
559 619 669 681 corneis
698 616 827 681 solidum
856 619 939 705 petit.
988 615 1122 703 Quisque
1149 619 1226 681 enim

213 756 297 813 rcus,
321 757 389 799 oum
411 737 441 800 in
465 732 593 798 solidum
617 734 790 819 promiserit
812 745 842 796 et
863 735 904 798 ita
927 731 1048 810 debeat,
1076 745 1227 820 tamquam

214 850 297 915 solus
321 850 471 938 obligatus
489 852 538 927 sit,
560 852 594 916 in
608 847 736 914 solidum
747 846 1009 925 condemnabitur,
1033 851 1091 914 nisi
1107 848 1226 926 dixerit,

215 987 246 1030 se
274 988 393 1032 correos
422 965 541 1030 babere.
586 963 661 1030 Nam
690 967 715 1029 si
743 986 839 1051 neque
862 963 1006 1041 creditor,
1034 982 1130 1052 neque
1156 985 1227 1029 reus

214 1083 323 1148 electus
351 1103 522 1148 eorreorum
551 1081 648 1145 simul·
662 1083 894 1146 constitutorum
917 1083 1094 1147 mentionem
1116 1078 1226 1158 fecerit,

214 1194 294 1281 (cum
322 1221 347 1264 e.
364 1220 394 1285 g.
422 1210 548 1285 uterque
575 1217 751 1283 persuasum
781 1197 839 1261 sibi
867 1195 990 1274 babeat,
1019 1197 1150 1284 reliquos
1175 1208 1228 1262 aut

214 1337 276 1378 non
310 1325 479 1398 praesentes
507 1324 562 1376 aut
588 1334 649 1376 nou
678 1310 823 1383 solvendo
853 1309 944 1394 esse),
979 1313 1059 1378 unde
1087 1314 1228 1379 reolitium

215 1429 406 1516 obligationis
433 1426 472 1494 ad
500 1436 551 1492 eos
580 1445 701 1516 quoque
717 1428 883 1514 'spectantis
901 1427 998 1512 judex
1019 1428 1228 1516 recuperabili

215 1566 276 1633 quo
301 1545 370 1632 jure
397 1542 560 1621 recusabit,
595 1566 632 1610 ne
659 1565 742 1609 reum
770 1541 961 1620 condemnet,
991 1547 1043 1631 qui
1073 1567 1104 1609 se
1132 1556 1228 1610 totam

215 1683 359 1726 summam
385 1658 492 1726 debere
520 1658 646 1726 sortasse
675 1658 829 1724 confessus
858 1659 918 1725 siti
956 1657 1035 1724 Num
1064 1683 1171 1748 porro,
1202 1662 1228 1725 si

216 1799 294 1843 unus
317 1799 356 1842 ex
378 1778 436 1842 reis
459 1788 556 1842 totum
579 1775 711 1841 debitum
734 1776 871 1854 solverit,
899 1777 925 1840 is
946 1768 1121 1863 repelei'³l,
1145 1775 1229 1863 quod

215 1893 294 1958 ultra
315 1905 429 1980 partem
453 1913 537 1957 suern
561 1892 705 1958 solverit?
731 1890 832 1957 Verba
853 1890 994 1957 Novellne
1017 1891 1055 1956 ad
1078 1892 1229 1957 actionem

215 2021 340 2086 tantum,
364 2011 482 2074 minime
504 2021 602 2074 autem
625 2008 664 2074 ad
682 2029 886 2097 quemcunque
901 2007 1023 2073 modum
1037 2007 1229 2096 obligationis

215 2124 362 2192 tollendae
384 2127 547 2212 pertinent,
577 2145 674 2212 neque
695 2122 838 2189 beneficio
861 2125 945 2189 locus
968 2127 1038 2201 erit,
1065 2127 1123 2189 nisi
1146 2137 1230 2190 actor

216 2239 348 2306 debitum
370 2243 498 2329 petierit.
535 2240 615 2316 Ideo,
643 2243 668 2305 si
691 2239 820 2305 creditor
841 2262 903 2306 non
925 2242 1051 2327 petierit,
1076 2239 1228 2327 quomodo

216 2379 285 2422 rcus
318 2355 474 2445 prebebit,
509 2379 609 2422 errore
637 2379 668 2421 se
697 2356 838 2434 solvisse,
873 2377 940 2420 curu
969 2355 1064 2421 dicere
1091 2369 1227 2442 nequeat,

216 2486 345 2540 actorem
367 2485 464 2540 totum
487 2472 620 2539 debitum
642 2476 805 2561 recepisse,
828 2473 896 2539 licet
918 2475 1005 2538 ceteri
1028 2473 1172 2538 solvendo
1196 2495 1230 2538 ac

215 2603 385 2677 praesentes
413 2588 524 2656 luerint
552 2590 615 2656 litis
641 2599 825 2656 contestatae
853 2599 998 2675 tempore.
1034 2591 1136 2678 ltaque
1163 2613 1229 2656 cum

212 2705 265 2790 jus
300 2703 490 2791 obligationis
525 2705 664 2770 correalis
698 2718 728 2768 et
756 2706 808 2788 jus
840 2703 995 2770 divisionis
1024 2707 1139 2771 easdem
1168 2730 1231 2772 non

216 2821 321 2906 utique
344 2818 528 2884 conditiones
552 2830 723 2905 sequantur,
743 2819 795 2903 jus
819 2817 973 2884 divisionis
996 2841 1049 2906 per
1071 2844 1103 2886 se
1122 2823 1231 2909 implo-

164 2929 166 2934 ’
218 2932 343 2999 randum
378 2946 423 2999 est
455 2946 486 2998 et
519 2937 613 3000 actori
647 2932 869 3020 opponendum.
916 2931 1115 3016 Quamobrem
1146 2959 1230 3002 reum

219 3050 406 3136 eueeplc'oeris
431 3048 561 3114 remedio
590 3051 635 3114 uti
664 3047 770 3113 debere
802 3042 990 3135 sequitur²⁴).
1042 3054 1174 3139 Denique
1204 3055 1229 3117 si

218 3165 378 3230 iustiniani
402 3163 487 3229 illude
512 3173 646 3247 exueste
662 3163 699 3230 δὲ
714 3163 795 3228 sels
814 3178 947 3231 accurate
963 3167 1112 3254 inspicias,
1137 3189 1229 3254 paene

218 3283 313 3367 ipsius
336 3283 518 3368 exceptionis
540 3280 692 3366 Epistulae
714 3280 745 3346 d.
761 3280 904 3347 Hadriani
921 3281 1021 3361 verba,
1044 3304 1120 3371 quse
1136 3285 1169 3350 L.
1187 3281 1230 3350 28

219 3396 256 3462 de
277 3395 446 3483 fidejussor.
470 3398 667 3475 continentur,
694 3390 909 3486 cognosces²⁵).

273 3625 307 3694 23)
331 3625 403 3689 Quod
422 3626 451 3679 de
470 3623 598 3680 Sebroeter
613 3624 630 3678 l.
643 3623 659 3679 l.
677 3642 702 3698 p.
715 3625 776 3680 444.
795 3623 862 3679 nr.2
881 3623 912 3679 ob
924 3623 997 3680 verba
1011 3625 1075 3682 naui
1085 3659 1120 3668 -
1132 3628 1231 3704 βάροςι

219 3723 281 3778 falso
299 3721 429 3778 contendit.

273 3820 308 3890 ²⁴)
334 3822 442 3895 Savigny
461 3820 529 3892 Syst.
553 3821 599 3875 Bd.
612 3821 638 3874 5.
656 3838 681 3891 p.
695 3820 746 3874 157
759 3837 814 3892 sqq.
839 3852 872 3861 —
894 3822 1029 3876 Nobiscum
1047 3822 1163 3877 Albrecbt
1185 3821 1201 3877 l.
1212 3821 1230 3876 l.

220 3918 311 3991 p.187
329 3928 353 3973 et
371 3905 502 3992 Sebragius
519 3917 565 3972 l.l
584 3936 634 3989 cap.
648 3917 681 3972 V.
700 3936 724 3989 p.
739 3917 771 3972 21
792 3921 952 3974 consentiunt.

273 4016 308 4085 ²⁵)
333 4016 383 4070 Cir.
401 4018 431 4072 L.
446 4017 479 4072 10
496 4034 532 4089 pr.
552 4017 606 4071 eod.
626 4024 649 4071 et
667 4015 725 4071 diss.
744 4033 779 4070 m.
796 4015 814 4071 l.
832 4015 901 4088 534.
914 4017 957 4073 40.
970 4016 1013 4072 52.
