2936 4554
645 283 801 385 Q„

284 463 482 549 Quamobrem
513 485 575 530 eam
595 461 767 530 Girtauueri
798 455 995 552 eonjeeturatn
1027 470 1230 534 ex'‘tententia

216 581 405 669 lrnperatoris
428 581 546 668 rejieere
563 578 651 644 nobis
666 579 810 658 ridemur,
835 583 887 668 qui
902 579 980 646 Nor.
997 579 1020 646 t
1034 583 1231 649 multamilia

217 700 302 762 etiam
325 695 475 784 praedicet
497 695 651 783 eompleeti
668 695 777 772 'edicta
802 709 891 783 atque
914 718 979 760 oum
1003 699 1043 761 ita
1059 711 1229 764 contentum

217 829 248 876 se
276 812 356 876 illius
384 812 456 900 legis
485 809 589 876 affeetu
618 831 681 877 esse
710 809 834 888 dixerit,
866 813 998 876 »etium«
1028 812 1113 876 aliam
1136 813 1229 901 legem

217 923 285 1009 (nat
307 921 428 1011 ἑτέρας)
452 927 552 992 utilem
576 925 640 990 iore
658 924 828 994 arbitretur.
867 927 958 992 lmmo
975 947 1046 992 vero
1062 931 1125 1014 ipae
1141 931 1228 1006 viam,

217 1063 292 1130 quae
315 1041 402 1108 nobis
425 1041 615 1131 ingredienda
636 1045 684 1118 sit,
709 1040 991 1120 demonstratam
1008 1045 1141 1131 scripsit:
1165 1043 1230 1110 »Aa

216 1159 283 1224 lieet
309 1159 350 1223 illi
380 1162 536 1246 ignorante
564 1178 616 1234 eo,
647 1159 699 1245 qui
728 1155 877 1246 obligatos
900 1148 952 1223 eos
975 1149 1086 1236 habat,
1110 1170 1230 1247 paetum

216 1273 339 1361 aliquod
374 1275 452 1338 inter
481 1295 512 1338 se
539 1271 676 1349 iecerint,
710 1285 808 1338 tamen
836 1265 1043 1362 uuusquisque
1072 1274 1228 1353 tenebitur,

152 1397 156 1408 ⁴
217 1393 295 1454 sieut
316 1387 353 1454 ab
376 1390 461 1452 initio
491 1389 655 1473 scripserit,
685 1409 738 1452 nee
766 1387 912 1453 licentiam
939 1388 1073 1466 babebit,
1103 1390 1229 1468 artibus,

217 1505 304 1581 dolis,
329 1516 381 1569 aut
402 1500 653 1568 transactionibus
675 1514 761 1589 pacta
785 1502 941 1568 violandi«
1225 1497 1227 1504 ’

283 1617 337 1697 Ne,
362 1640 438 1707 quae
453 1620 653 1695 eonvenerint,
677 1617 857 1695 irritabant,
880 1621 957 1683 ratio
973 1622 1180 1684 conventionis
1199 1624 1230 1685 in
1284 1697 1286 1702 Ι

217 1735 347 1802 solidum
368 1737 458 1800 initae
481 1733 626 1800 servanda
648 1747 701 1810 est,
726 1755 781 1798 nee
803 1733 942 1800 damnum
957 1747 1041 1800 actor
1053 1739 1117 1822 pati
1133 1734 1229 1808 debet.

218 1850 286 1934 Quo
309 1853 454 1939 principio
479 1862 591 1916 statuto
607 1852 733 1937 primum
751 1871 871 1938 quoquo
886 1849 1026 1915 Novellae
1041 1863 1229 1937 praeceptum

218 1969 368 2053 opinionis
397 1968 560 2031 eommunis
589 1978 686 2031 ratuua
710 1969 774 2031 erit.
814 1964 1007 2054 Consequens
1031 1979 1091 2044 est,
1119 1989 1230 2033 nexum

218 2082 376 2147 eorrealem
405 2103 465 2146 non
492 2084 651 2169 praesumi.
690 2079 813 2146 Liberae
835 2103 907 2146 vero
930 2085 1059 2169 partium
1082 2083 1230 2148 voluntati

218 2202 263 2263 vis
285 2220 347 2263 non
366 2211 411 2264 est
427 2195 586 2274 inserenda,
611 2209 641 2261 et
657 2200 682 2261 si
697 2191 827 2284 partes⁸l
844 2195 1056 2286 obligationem
1072 2199 1228 2265 eorrealem

217 2337 357 2402 expresse
379 2317 453 2379 inire
469 2314 628 2391 voluerint,
653 2311 772 2378 effeetus
796 2314 860 2399 ejus
884 2317 1089 2380 conventionis
1111 2317 1229 2380 minime

216 2431 396 2522 infringitur,
421 2429 482 2507 sed,
506 2443 542 2495 ut
562 2430 659 2495 lotum
677 2427 793 2506 habeat,
819 2429 957 2495 voluutas
973 2443 1073 2518 aperte
1090 2429 1229 2496 declarari

217 2545 318 2625 debet,
348 2550 411 2612 sive
434 2569 497 2612 vox
525 2548 574 2610 »in
597 2544 745 2611 solidum«
770 2548 832 2611 sive
855 2545 912 2610 alia
934 2546 1037 2612 similis
1060 2545 1228 2613 adhibetur.

216 2664 396 2745 Declarari,
420 2685 482 2727 non
498 2663 661 2748 praemuni
683 2660 779 2737 debet,
804 2663 883 2748 quia,
908 2665 933 2726 si
950 2662 1023 2750 quid
1040 2684 1230 2749 praesumen-

163 2814 166 2818 ·
218 2779 288 2843 dum
317 2781 370 2854 ait,
399 2776 432 2841 id
458 2789 666 2864 praesumatur
693 2787 828 2863 oportet,
858 2775 941 2862 quod
967 2779 1076 2841 rationi
1103 2779 1229 2843 naturali

219 2885 396 2978 congruit⁷).
435 2889 546 2956 Similis
570 2889 656 2955 edieti
683 2889 849 2975 exemplum
878 2901 977 2954 exstat
998 2890 1032 2955 L.
1055 2891 1109 2955 ult.
1134 2891 1169 2958 C.
1194 2892 1230 2958 de

218 3018 320 3072 novat.
329 2999 353 3084 ⁸)
1099 3084 1103 3092 Ι

262 3145 267 3166 ·‘
287 3113 376 3204 Quod
391 3120 429 3186 ad
444 3120 605 3186 seeundum
615 3117 755 3186 Novellae
769 3131 959 3208 praeseptum
973 3123 1110 3209 pertinet,
1127 3122 1229 3188 electio

219 3223 372 3304 eredltoris
395 3259 457 3302 non
481 3236 663 3315 omnimodo,
690 3235 743 3302 sed
765 3248 879 3302 tantum
903 3240 928 3300 si
951 3239 1038 3302 aeteri
1059 3251 1229 3326 praesentes

213 3373 430 3394 h——nn-——q—

271 3458 293 3527 ο)
316 3459 447 3517 Pamisum
468 3460 595 3533 apocrisia
618 3457 676 3510 satia
699 3454 817 3529 signifieat
837 3457 968 3529 utriusque
988 3458 1063 3530 partis
1081 3456 1230 3514 voluntatem

217 3559 310 3632 respici,
329 3557 390 3612 dnm
407 3557 524 3612 Antinum
541 3555 618 3625 λάβοι
636 3554 666 3608 ad
684 3551 765 3608 solum
783 3554 925 3609 creditorem
942 3563 1041 3628 spectat.

271 3654 292 3723 ⁷)
316 3654 464 3726 Ribbentrop
481 3672 505 3725 p.
521 3653 571 3707 114
584 3669 647 3724 sqq,
666 3670 739 3724 quem
752 3655 886 3725 sequimur,
905 3672 954 3708 non
967 3653 1107 3708 omnimodo
1120 3670 1133 3707 a
1145 3653 1230 3708 fraude

217 3761 356 3838 praesumta
374 3771 401 3807 se
420 3752 543 3806 abstinuit.
564 3781 597 3791 -
616 3752 649 3805 V.
669 3749 738 3820 535.
757 3759 808 3804 not.
821 3750 846 3804 2.
1228 3778 1233 3786 ·

271 3849 293 3916 ⁸)
318 3849 368 3904 utr.
381 3851 502 3921 Cujaeius,
522 3849 583 3920 0pp.
602 3867 639 3919 pr.
658 3849 690 3904 T.
704 3848 733 3902 ll.
747 3848 791 3903 col.
805 3848 856 3903 544
871 3850 900 3905 ad
913 3849 978 3903 Nov.
991 3849 1033 3904 99.
1060 3846 1176 3904 Douellus
1187 3845 1228 3904 ll.

219 3946 249 4004 at
266 3945 325 4004 L.3
345 3946 371 4002 C.
391 3947 420 4002 de
437 3945 548 4020 fidejuaa.
566 3963 603 4002 nr.
620 3946 643 4002 l.
