2936 4554
666 351 707 420 97

180 531 212 598 id
239 521 428 620 perhibeant,
461 530 514 596 scd
538 553 641 596 revera
664 533 827 595 contrariae
851 532 1000 618 opinionis
1029 508 1196 606 illudendoe

179 651 275 736 gratia
299 671 362 713 eam
380 650 581 736 quaestionem
606 649 734 712 movisse
757 645 992 734 adversariisque
1014 650 1117 734 potius
1141 623 1196 711 ob:

56 777 58 783 ⁴
175 766 291 851 jecisse,
316 787 377 841 cos,
395 762 452 828 sibi
470 775 647 839 constantes,
665 760 708 827 ad
718 761 796 826 illam
812 765 984 827 sententiam
999 775 1196 860 perventuros

181 901 245 944 esse
264 893 317 945 aut
330 879 456 945 fortasse
479 879 614 967 singulos
636 881 723 944 etiam
739 898 774 942 eo
789 881 969 964 pervenisse,
994 889 1081 966 quam
1106 879 1197 965 sigui·

179 995 266 1062 ficare
282 995 401 1060 videtur
416 1007 524 1060 sectam
547 995 667 1060 illorum
690 993 868 1088 singularem
884 1007 955 1059 tuuc
970 996 1112 1083 temporis
1130 1014 1197 1058 vere

181 1111 320 1177 adfuisse.
350 1103 448 1192 Azo⁷)
470 1113 547 1175 enim
570 1110 669 1176 adhuc
691 1111 784 1174 solam
808 1114 953 1176 actionem
976 1110 1107 1176 mandati
1130 1121 1197 1174 ante

182 1229 285 1293 oculos
308 1226 423 1293 habuit.
453 1225 612 1291 Distiuctio
636 1239 733 1291 autem
757 1225 864 1304 Jacobi
886 1227 922 1291 dc
944 1213 1089 1304 Belvisio,
1109 1247 1199 1313 quam

180 1333 322 1408 Rartolus
345 1354 374 1406 et
397 1345 553 1406 memoriae
579 1334 743 1429 prodidit⁸l
767 1355 796 1406 et
823 1345 888 1428 ipsc
910 1345 1035 1429 recepit,
1066 1363 1196 1418 correns,

182 1461 208 1522 si
231 1456 330 1521 verbis
353 1459 502 1543 expressis
525 1469 676 1549 praetcrea
699 1459 761 1520 rice
788 1468 893 1520 mutua
915 1456 1106 1542 fidejussores
1130 1455 1199 1520 lacti

183 1575 252 1649 sint,
276 1593 405 1659 quorum
422 1572 533 1658 species
550 1575 580 1636 in
595 1572 629 1636 L.
646 1569 683 1636 11
701 1593 746 1658 pr.
764 1569 800 1634 de
816 1568 908 1634 duob.
925 1574 982 1635 reis
998 1583 1197 1658 proponatur,

184 1700 236 1752 aut
258 1691 284 1752 si
309 1687 432 1752 »color«
456 1686 646 1774 obligationis
670 1686 823 1765 correalis,
853 1698 888 1750 ut
910 1688 941 1750 iu
963 1685 997 1752 L.
1014 1684 1064 1751 17.
1083 1684 1138 1768 §2
1161 1684 1199 1750 ad

184 1801 245 1869 SC.
257 1803 361 1889 Vellej.
384 1815 413 1867 ct
428 1801 463 1868 L.
483 1802 516 1866 7.
541 1798 559 1885 ἕ
577 1801 592 1866 1
612 1801 650 1866 ad
666 1801 725 1868 SC.
741 1801 829 1879 Mac,
854 1800 890 1865 ab
914 1803 950 1864 iis
974 1804 1126 1888 quaesitus
1149 1802 1198 1877 sit,

184 1931 340 2006 »respectu
356 1918 530 1984 creditoris«
545 1940 602 2004 pro
619 1923 697 1984 veris
711 1916 939 2005 fidejussoribus
954 1915 1109 1983 habendos
1125 1937 1198 1993 esse,

183 2033 311 2122 ideoque
342 2057 393 2098 eos
422 2033 565 2098 beneficio
592 2033 744 2121 Epistolae
769 2032 799 2097 d.
823 2032 966 2098 Hadriani
995 2032 1055 2098 lrui
1083 2032 1198 2110 debere,

131 2174 133 2180 ’
184 2163 335 2238 practerea
350 2162 447 2214 autem
469 2152 506 2214 iis
530 2153 607 2214 iuter
630 2172 660 2214 sc
675 2151 819 2215 actionem
841 2149 974 2213 mandati
995 2148 1146 2214 nonnullis
1169 2151 1201 2214 iu

185 2265 301 2331 casibus
314 2278 489 2353 competere,
501 2303 537 2316 —
549 2287 583 2330 ea
598 2264 747 2330 distinctio
765 2264 904 2342 ostendit,
922 2268 1124 2352 quaestionem
1140 2267 1199 2329 isto

185 2380 302 2446 demum
332 2395 464 2468 tempore
491 2382 571 2447 ultra
592 2381 665 2446 fines
695 2394 781 2447 antea
809 2369 927 2469 positos
951 2394 1101 2446 extensam
1125 2401 1200 2445 esse.

184 2491 357 2580 Bartolus⁹l
380 2519 451 2562 vero
475 2519 571 2584 usque
595 2519 630 2563 eo
653 2501 808 2585 processit,
831 2509 866 2562 ut
889 2499 997 2562 corneis
1021 2496 1147 2563 debendi
1169 2498 1201 2560 in

185 2615 250 2699 ipsa
273 2613 397 2678 Novella
418 2611 460 2678 99
483 2611 656 2678 beneficium
680 2618 866 2679 excussionis
895 2637 951 2701 pro
974 2625 1058 2701 parte
1082 2633 1201 2678 conces·

186 2749 252 2794 sum
275 2750 339 2793 esse
355 2727 472 2794 diceret.
508 2727 568 2805 Sic,
593 2731 648 2794 etsi
671 2727 709 2792 ad
732 2731 875 2793 internam
900 2729 1090 2815 obligationis
1113 2726 1201 2793 indo·

185 2841 242 2906 lem
257 2854 390 2908 mutuam
406 2841 625 2928 fidejussionem
642 2841 825 2908 referendam
841 2865 981 2908 essenon
1000 2845 1128 2929 negavit,
1148 2841 1201 2906 sed

186 2977 327 3045 expresse
350 2950 484 3037 dixit¹⁰):

300 3073 391 3138 »Item
412 3071 572 3157 fidejussor
593 3084 694 3160 potest
713 3072 837 3160 intelligi
851 3073 962 3154 stricte,
987 3069 1069 3158 quod
1091 3069 1205 3158 alienae

196 3207 231 3284 q,
300 3184 474 3274 obligationi
501 3187 612 3252 accedit
634 3189 668 3253 L.
690 3187 719 3252 1.
745 3185 789 3253 45
813 3187 850 3254 D.
880 3189 915 3253 de
942 3187 1074 3276 fidejuss.
1101 3199 1202 3274 potest

299 3306 385 3368 etiam
409 3305 500 3390 accipi
524 3304 610 3391 lorye
634 3308 738 3382 omnis,
764 3305 816 3391 qui
839 3317 884 3369 est
900 3304 1048 3392 obligatus
1071 3325 1127 3390 pro
1150 3325 1202 3368 ue·

299 3421 398 3507 gotio,
423 3419 506 3507 quod
529 3419 567 3484 ad
590 3420 678 3484 aliurn
710 3433 837 3507 spectat,
870 3443 931 3485 non
959 3420 1069 3497 adse,
1099 3433 1129 3485 et
1150 3419 1200 3484 illo

224 3511 230 3521 .
278 3523 287 3538 ”
298 3534 389 3600 modo
413 3538 540 3600 sumitur
561 3539 606 3601 tit.
623 3534 660 3601 D.
681 3536 719 3601 ad
735 3534 794 3602 SC.
806 3536 911 3622 Vellej.
927 3548 957 3600 ct
970 3535 1005 3602 L.
1021 3533 1036 3602 1
1055 3533 1090 3601 C.
1107 3534 1200 3612 eod«,

241 3719 263 3786 7)
287 3717 389 3772 Summa
406 3719 499 3772 Azouis
517 3717 651 3782 Lib.,Vlll,
664 3718 707 3772 40.
727 3717 740 3787 ξ
756 3717 797 3772 14.

241 3816 264 3884 8)
287 3814 402 3869 Bartolus
425 3815 484 3870 aS.
504 3815 534 3869 ad
551 3815 630 3871 Auth.
652 3815 707 3870 Hoc
728 3817 762 3868 ita
786 3816 813 3870 0.
832 3817 871 3870 eit.
890 3833 928 3870 ur.
941 3813 975 3870 67
987 3831 1043 3887 sqq.
1075 3813 1124 3870 cfr.
1146 3814 1202 3868 Gir-

189 3920 273 3966 tauner
290 3930 314 3984 p.
329 3912 379 3967 153
394 3930 449 3990 ¹sqq.

241 4010 264 4079 ⁰)
287 4008 402 4064 Bar-tolus
419 4009 435 4063 l.
447 4008 464 4063 l.
484 4029 521 4064 nr.
534 4009 577 4066 28.
605 4041 638 4051 -
667 4009 699 4080 ιο)
718 4010 831 4066 bartolus
850 4009 866 4065 l.
879 4009 895 4066 l.
914 4029 950 4064 nr.
965 4010 1007 4066 68.
1028 3995 1039 4002 ι’

987 4107 1004 4164 i
