2952 4556
685 315 788 414 ..246
833 405 842 411 -

261 499 365 572 oritur,
381 498 524 560 rationem
541 494 655 571 habuit,
673 493 704 558 id
719 493 873 581 quodiam
885 516 957 558 voce
971 493 1164 570 »inutiliter«,
1182 515 1271 581 quam

260 633 295 676 eo
309 612 474 676 confirmari
486 611 612 686 videtur,
631 609 713 697 quod
729 609 923 697 fragmentum
939 607 1042 674 alibro
1055 609 1107 672 XI.
1119 609 1270 696 Respons.

259 727 414 813 Papiniani
438 739 608 814 excerptum
633 739 686 790 est.
733 724 801 790 ldeo
831 747 951 812 quoque
980 745 1121 812 negamus
1150 724 1272 812 fidejus-

260 849 359 910 siones
382 857 499 908 mutuas
517 865 687 908 corneorum
703 840 827 906 debendi
845 841 883 905 ad
898 839 1065 905 debitorum
1082 840 1270 906 solummodo

260 962 415 1055 utilitatem
438 963 592 1047 respicere,
617 980 712 1045 neque
736 957 909 1022 creditorem
933 979 971 1020 ex
994 959 1030 1020 iis
1046 955 1118 1021 lucri
1135 955 1208 1043 quid
1224 979 1271 1020 ca-

250 1095 339 1164 pere.
384 1055 459 1140 Nam
483 1078 508 1138 si
531 1097 592 1139 non
615 1075 758 1140 inutiliter
780 1076 975 1160 accipiuntur,
1002 1075 1130 1158 primurn
1153 1093 1271 1138 necesse

260 1205 305 1257 est
327 1193 439 1256 utilitas
467 1189 505 1254 ad
535 1182 746 1270 creditorem¹⁹)
771 1188 926 1253 redundet.
971 1187 1127 1254 Praeterea
1149 1187 1271 1272 fidejus·

261 1312 359 1372 siones
382 1330 447 1372 eum
471 1310 501 1371 in
524 1306 610 1370 finem
633 1309 787 1381 ineuntur,
818 1317 852 1369 ut
880 1303 1019 1369 creditori
1040 1302 1151 1391 aliquid
1175 1307 1269 1368 tutius

261 1416 457 1504 debeatur²⁰),
483 1435 571 1508 atque
587 1425 612 1484 si
629 1420 752 1486 fortuito
769 1424 893 1498 eveniat,
919 1433 952 1484 ut
968 1423 1155 1507 exceptiones
1172 1442 1187 1484 e
1203 1441 1270 1506 per-

260 1561 332 1605 sona
357 1538 501 1604 debitoris
522 1538 691 1625 principalis
707 1537 876 1622 fidejussori
895 1537 958 1600 dari
974 1559 1034 1601 non
1050 1539 1177 1622 possint,
1200 1557 1269 1600 reus

259 1668 367 1732 autem,
384 1658 435 1742 qui
451 1667 599 1742 tamquam
615 1652 774 1739 fidejussor
789 1655 974 1729 convenitur,
991 1653 1173 1738 exceptionis
1185 1672 1271 1738 prae-

259 1771 335 1836 sidio
350 1771 486 1858 gaudeat,
501 1792 559 1857 qua
572 1773 634 1856 ipse
647 1783 795 1857 tamquam
809 1792 876 1834 reus
891 1767 1083 1856 promittendi
1096 1766 1269 1832 creditorem

258 1887 397 1974 repellere
420 1889 526 1972 possit,
552 1885 698 1950 commodi
722 1884 793 1972 qnid
817 1885 855 1950 ad
871 1885 1045 1949 creditorem
1061 1887 1147 1948 etiam
1163 1894 1268 1948 nostro

259 2024 329 2067 casu
352 2005 499 2088 pertinere
522 2013 654 2088 apparet.
691 1999 780 2083 Quod
802 2002 849 2065 his
873 1993 1054 2086 exemplum)
1078 1999 1183 2064 clarius
1207 1999 1269 2064 clu·

259 2117 349 2182 eebit:
380 2117 419 2182 T’
443 2129 478 2181 nt
501 2139 621 2182 correns
645 2120 847 2203 exceptionem
876 2120 954 2204 pacti
985 2139 1040 2202 pro
1064 2137 1118 2179 sua
1140 2135 1268 2201 persona

258 2235 362 2311 habet,
394 2233 428 2298 δ’
452 2232 490 2298 ad
520 2237 649 2321 inopiam
673 2236 783 2322 vergit,
813 2237 913 2320 itaque
940 2230 1068 2296 creditor
1091 2253 1108 2294 a
1131 2231 1172 2294 Το
1196 2230 1269 2294 sidc-

253 2352 374 2438 jussore
397 2362 494 2414 totum
521 2349 653 2415 debitum
682 2362 894 2436 consequetur;
923 2360 976 2412 aut
999 2346 1038 2410 ΤΙ
1063 2369 1101 2411 cx
1124 2346 1268 2434 stipulatu

257 2488 347 2553 pure,
372 2465 407 2532 S'
432 2465 487 2530 sub
510 2465 679 2531 conditione
703 2464 799 2542 debet,
828 2477 857 2528 ot
879 2466 975 2528 mutui
997 2461 1187 2549 fidejussores
1210 2461 1266 2526 sub

258 2582 427 2647 conditione
443 2594 473 2645 et
487 2603 561 2669 pure
576 2585 769 2669 accipiuntur,
790 2594 851 2645 tum
868 2580 997 2645 creditor
1011 2579 1180 2644 conditione
1195 2600 1268 2664 pen·

258 2698 360 2774 dente,
392 2719 456 2762 cum
481 2697 521 2762 T·
546 2701 696 2762 conveniri
724 2711 866 2784 nequeat,
897 2695 989 2772 aS⁰,
1018 2717 1105 2782 quem
1134 2707 1168 2758 ut
1195 2693 1267 2758 fide·

251 2815 403 2900 jussorem
427 2815 526 2899 injus
551 2827 652 2891 vocat,
677 2837 763 2878 suum
787 2817 922 2901 recipiet,
953 2825 1005 2877 aut
1029 2812 1068 2876 T³
1093 2824 1122 2876 et
1145 2809 1179 2875 S'
1204 2809 1266 2874 duo

255 2933 298 2996 rei
322 2929 389 2995 iacti
413 2943 491 3008 sunt,
516 2944 588 3018 post
610 2933 740 3018 quinque
764 2953 858 2994 annos
875 2933 998 2994 invicem
1013 2929 1086 2992 alter
1101 2949 1156 3014 pro
1174 2926 1265 2990 altero

254 3041 478 3133 fidejubendo,
508 3069 598 3136 quare
628 3050 653 3111 si
677 3049 785 3111 actioni
814 3046 967 3132 principaii
990 3047 1203 3132 praescriptum
1228 3045 1267 3106 sit

254 3161 467 3180 ...Ὗ-...μ-

310 3203 342 3270 20)
367 3179 534 3267 Quia'antem
559 3205 705 3273 Papinianus
727 3203 854 3273 praecipue
876 3201 905 3255 de
929 3201 1014 3255 ellectu
1039 3201 1136 3254 aetionis
1160 3198 1265 3253 mandati

255 3309 279 3354 et
295 3301 349 3354 ideo
368 3299 397 3353 de
412 3299 546 3352 commodis
560 3317 658 3353 reorum
671 3301 726 3370 agit,
745 3299 900 3352 manifestum
914 3307 951 3352 est
963 3316 1047 3352 vocem
1059 3315 1124 3352 »non
1136 3295 1265 3351 inutiliter·

255 3415 298 3468 pro
318 3415 382 3450 nnon
400 3399 451 3450 sinc
469 3396 573 3450 effectu«
592 3397 720 3450 adhibitam
739 3413 799 3451 esse.
836 3396 944 3469 Savigny
962 3413 1016 3468 pag.
1030 3395 1090 3450 269.

308 3494 342 3562 ²⁰)
367 3494 419 3564 [iaji
438 3494 573 3548 comment.
587 3495 627 3548 lll.
647 3493 661 3563 §
677 3495 734 3548 117.
753 3495 781 3547 t.
795 3492 819 3548 8.
840 3493 853 3563 ᾗ
869 3495 881 3546 1
902 3493 931 3547 de
950 3493 979 3548 0.
998 3502 1022 3547 et
1040 3495 1072 3547 A.
1092 3523 1126 3534 -
1149 3491 1264 3547 Donellus

255 3591 272 3646 l.
282 3591 298 3646 l.
313 3592 369 3662 Cap.
383 3591 427 3646 Vl.
446 3609 482 3645 nr.
498 3593 520 3645 l.
540 3593 597 3662 Cap.
610 3592 653 3646 Xl.
672 3609 709 3645 nr.
721 3591 746 3644 2.
773 3593 856 3645 Anton
872 3591 951 3646 Faber
962 3590 978 3646 l.
991 3590 1007 3644 l.
1021 3592 1078 3662 Cap.
1092 3591 1120 3646 ll.
1134 3594 1158 3645 in
1170 3591 1187 3646 i.
1201 3609 1265 3647 vers.

254 3692 306 3744 Aut
325 3690 355 3745 ob
374 3689 397 3743 id
417 3706 470 3760 sqq.
499 3689 608 3762 Savigny
625 3689 641 3744 l.
655 3689 671 3743 l.
691 3689 759 3758 §22

306 3788 341 3856 ²¹)
365 3787 464 3840 Falsum
484 3787 622 3858 exemplum
641 3790 753 3842 Asuerus
771 3787 814 3842 l.l.
833 3806 856 3858 p.
870 3788 904 3842 42
924 3787 1011 3841 attulit.

306 3886 340 3954 22)
365 3885 437 3950 Quod
455 3885 594 3956 exemplum
617 3885 780 3955 fidejussionis
804 3895 904 3940 mutuae
924 3887 1013 3939 nemini
1032 3886 1121 3938 mirum
1140 3886 1197 3950 erit,
1221 3885 1264 3958 qui

252 3983 434 4058 explicationem
452 3993 592 4056 sequentem
611 3984 700 4060 legerit.
