2936 4554
653 293 814 396 -aog-

226 499 280 567 par
294 475 515 566 stipulationem
531 473 711 564 obligantur,
729 479 820 564 siqua
839 477 1060 542 »insolidum«
1077 476 1238 562 udp'ieim

227 595 288 660 duo
308 593 452 680 plenave
472 593 520 656 rei
536 592 741 678 promittuut
763 585 1026 674 commentust).

291 709 478 774 lastinianus
509 707 584 774 duas
611 698 686 770 a’tt.
707 702 907 773 ὑπευθύνων
933 711 1045 795 speeies
1067 711 1239 796 proposuit,

226 837 318 914 prout
346 828 376 890 in
405 823 533 890 solidum
562 843 595 890 sa
616 822 684 887 velli
707 825 800 888 tenui
823 822 997 910 adjecerint,
1027 837 1164 890 autnon
1186 824 1241 889 ad·

220 943 355 1027 jecerint.
403 938 485 1024 Quae
512 938 638 1025 adjectio
667 937 706 1003 ad
735 940 936 1026 qoamitatem
963 940 1057 1005 solam
1078 943 1238 1027 respiciens

225 1079 292 1122 oum
312 1068 449 1122 naturam
463 1056 669 1121 conventionis
684 1055 852 1141 apartibus
867 1058 957 1120 initae
972 1069 1086 1122 mutare
1100 1069 1237 1146 nequeat,

225 1173 384 1238 clarissime
406 1171 509 1248 elucet,
534 1183 673 1259 oportere
696 1184 725 1237 et
747 1173 829 1258 ipsos
852 1166 926 1236 aaa.
944 1163 1162 1249 ὕπευθύνους,
1186 1174 1238 1261 qui

225 1291 257 1353 in
284 1285 413 1352 solidum
442 1309 503 1352 nou
533 1287 705 1373 adjecerint,
734 1285 857 1375 perinde
888 1300 978 1376 atque
1000 1309 1070 1367 eos,
1100 1291 1152 1376 qui
1179 1287 1237 1354 illia

225 1402 324 1468 verbis
347 1405 393 1468 usi
417 1406 486 1480 sint,
510 1426 528 1468 a
550 1424 645 1469 ouueo
666 1403 766 1468 mutui
787 1405 987 1469 ummnauiter
1008 1406 1128 1490 woepti
1145 1400 1237 1486 adp!-

223 1515 368 1586 ltdttlt!
390 1521 594 1604 ooubouisse,
617 1518 649 1584 id
671 1519 755 1608 quod
776 1541 812 1585 eo
835 1519 1035 1597 confirmatur,
1059 1519 1143 1607 quod
1164 1515 1239 1585 aaa.

223 1629 409 1702 dardano
431 1637 552 1700 omnino
576 1636 649 1702 talea
672 1639 714 1702 rei
737 1647 818 1713 sunt,
842 1639 895 1722 qui
914 1657 961 1713 eo,
985 1634 1069 1724 quod
1091 1637 1133 1701 rei
1156 1647 1236 1713 sunt,

224 1755 348 1818 invicem
376 1752 450 1817 alter
476 1773 532 1838 pro
561 1752 654 1818 altero
678 1754 864 1817 securitatem
885 1763 1050 1839 praestent,
1082 1763 1112 1816 et
1133 1773 1237 1818 nume·

154 1891 158 1898 ·
224 1872 339 1936 ratione
360 1870 503 1955 pecuniae
525 1888 592 1932 eum
615 1880 745 1946 tantum,
775 1871 828 1956 qui
850 1869 1010 1953 acceperit,
1040 1889 1136 1954 neque
1158 1867 1238 1932 ulus

223 1985 265 2063 id,
288 1983 372 2072 quod
393 1985 546 2069 receperit,
571 1982 718 2072 obstringi
740 1995 866 2049 constat.
902 1982 956 2048 Sin
980 1995 1077 2050 autem
1101 1982 1162 2048 duo
1186 1982 1238 2048 de-

222 2099 335 2168 bitores
358 2113 495 2166 mutuum
518 2103 713 2166 communiter
735 2101 939 2166 rennuerint
960 2112 991 2164 et
1006 2098 1160 2187 stipulanti
1175 2119 1238 2164 ore·

224 2217 315 2283 ditoni
341 2217 428 2296 simul
457 2216 672 2305 respondeant,
701 2221 732 2283 in
760 2219 827 2304 ipsa
849 2215 1040 2304 stipulatione
1063 2227 1236 2302 autpertus

222 2335 364 2420 pecuniae
386 2333 511 2421 singulis
535 2333 620 2398 datae
641 2336 752 2398 servari
766 2345 904 2421 possunt,
927 2344 982 2397 aut
996 2332 1068 2396 aliae
1083 2333 1235 2396 constitui.

223 2448 257 2516 Si
291 2449 443 2536 stipulatio
478 2447 614 2535 partibus
648 2452 774 2536 acceptis
806 2445 999 2536 respondeat,
1039 2444 1236 2534 obligationes

223 2564 365 2632 discretae
387 2576 560 2642 naseuntur,
583 2577 614 2630 et
636 2568 762 2653 quisque
783 2586 840 2654 pro
864 2587 896 2630 aa
917 2576 1043 2641 tantum,
1066 2562 1236 2629 nullatenus

222 2694 321 2746 autem
344 2681 417 2746 alter
438 2703 495 2768 pro
519 2679 611 2746 altero
635 2683 760 2746 invisam
782 2693 929 2747 tenentur.
966 2680 1046 2746 Idem
1069 2680 1168 2744 locum
1181 2679 1236 2744 ba·

220 2795 319 2875 babit,
348 2800 374 2862 si
404 2808 554 2886 separatae
576 2797 784 2886 stipulationes
806 2799 954 2864 inseoutae
977 2799 1046 2861 sint.
1085 2793 1140 2860 Sin
1162 2816 1233 2861 vero

219 2997 250 3042 ut
266 2991 344 3062 magis
362 2992 448 3062 respici
466 2990 562 3056 debeat,
581 2990 640 3062 qnid
658 2991 748 3061 scripto
766 2988 967 3060 comprehensum
984 2986 1069 3053 fuerit,
1089 3004 1164 3059 quam
1181 2983 1233 3059 ipsa

221 3089 311 3158 speeies
329 3089 475 3159 seripturae,
499 3091 557 3160 quia
577 3097 631 3143 tuan
648 3087 750 3164 adjectio
767 3086 955 3158 Praepositionis
978 3085 1186 3160 συν-εγρᾶψατο
1204 3103 1234 3140 eo

220 3186 278 3238 satis
296 3184 442 3256 explicatur,
462 3185 528 3256 quod
546 3184 628 3256 plures
650 3185 770 3240 debitores
788 3183 873 3238 adesse
889 3191 1067 3255 proponuntur,
1087 3190 1112 3237 et
1130 3182 1234 3254 denique

220 3280 344 3353 stipulatio
356 3284 410 3352 ipso
422 3280 578 3336 Heimbaabio
592 3281 618 3350 lb
631 3281 647 3336 b
660 3301 685 3354 p.
696 3280 759 3350 379)
772 3281 898 3336 confitente
909 3281 1035 3354 negotium
1045 3281 1233 3336 udtatisaimum

220 3387 278 3444 erat,
297 3395 347 3450 quo
366 3395 450 3434 omnes
467 3387 550 3451 gentes
569 3378 599 3434 de
616 3381 710 3434 mutuis
728 3377 883 3434 resumendis
899 3386 954 3432 tum
965 3380 1083 3450 temporis
1095 3377 1233 3444 utebantur,

220 3476 323 3531 dubium
342 3492 395 3530 essa
412 3493 462 3530 non
473 3484 562 3546 potest,
581 3479 640 3548 quin
656 3475 721 3531 illam
732 3494 818 3546 vocem
831 3477 860 3531 de
872 3483 989 3532 enaim
1000 3474 1162 3547 stiprdationis
1174 3493 1233 3530 oon·

105 3564 108 3570 ’
219 3575 320 3644 scripta,
348 3589 398 3628 non
421 3572 452 3627 de
472 3573 610 3646 syngrapha
631 3573 711 3646 aliqua
733 3573 840 3629 coniecta
861 3572 992 3647 inteligere
1013 3573 1158 3638 debeamus,
1186 3573 1233 3626 etsi

220 3672 356 3742 conjectura
373 3669 559 3726 Heimbaubiana
582 3672 717 3743 probationi
733 3681 830 3727 rosnae
847 3689 897 3726 non
915 3671 1049 3725 obsisteret
1084 3671 1150 3725 Haec
1168 3671 1233 3724 enim

218 3768 377 3824 fundamento
402 3769 511 3840 ejusdem
528 3771 633 3824 rodonis
654 3771 752 3835 nititur,
775 3787 849 3841 quam
873 3769 952 3824 verbis
970 3767 1026 3824 dib
1042 3766 1135 3824 insu&
1153 3770 1233 3822 inesse

219 3865 448 3933 demonstravimus,
467 3883 578 3938 quaeque
597 3867 765 3940 obligationem
782 3869 808 3922 iu
825 3866 932 3924 solidum
949 3868 1034 3923 initam
1051 3865 1160 3942 requirit

271 3963 294 4037 ⁸)
317 3965 359 4018 Pr.
378 3973 402 4019 et
419 3962 462 4035 §1
482 3966 507 4020 J.
526 3964 556 4020 de
574 3965 632 4021 duo.
651 3966 708 4020 reia.
