2936 4554
684 327 844 432 ,333-1

721 561 810 647 eso.

314 698 353 762 V.
390 696 491 782 Quae
514 696 632 763 luerit
657 718 782 774 eausa,
811 693 858 760 ob
881 715 986 782 quam
1007 694 1216 783 Imperator

315 836 469 880 eorreos
493 812 653 880 debendi
677 810 975 902 significaturus
1000 833 1087 878 vooe
1112 805 1216 877 »oidb

622 921 703 994 dm«
732 950 822 996 usus
851 931 910 994 sit.

323 1090 445 1177 Ambigi
474 1113 535 1156 non
565 1094 692 1178 poterit,
723 1092 994 1178 interpretationem
1022 1101 1154 1154 nostram
1177 1091 1218 1154 ita
1241 1089 1273 1154 io

258 1230 359 1273 omnes
387 1219 487 1296 partes
511 1207 711 1272 confirmatam
733 1228 813 1285 esse,
841 1227 918 1295 qnae
947 1219 977 1272 33
1002 1205 1120 1293 linguae
1145 1203 1283 1270 Graecae·

256 1325 366 1412 regulis
394 1336 424 1388 33
444 1321 611 1389 rationibus
630 1324 708 1410 juris
731 1322 819 1402 fulta,
850 1343 930 1388 nune
952 1335 982 1388 et
1004 1325 1182 1409 scriptorum
1206 1343 1272 1386 sen·

257 1444 373 1518 tentiis,
403 1462 478 1528 quas
507 1443 709 1528 inspeximus,
739 1438 870 1506 stabilita
898 1441 951 1516 sit,
988 1441 1054 1527 qui,
1086 1441 1148 1502 sive
1176 1440 1270 1525 ipsam

256 1555 411 1622 Nouellum
433 1557 607 1636 retulerunt,
632 1561 694 1622 sive
718 1577 806 1622 voees
825 1551 1090 1640 ›dllqlsyyducs
1106 1565 1136 1619 33
1151 1549 1272 1639 »ἀλλη-

257 1671 408 1755 terren«
432 1674 490 1738 alio
514 1695 702 1762 quocumque
720 1695 809 1738 sensu
825 1671 1034 1749 adhibuerunt,
1059 1669 1271 1737 derivationem

258 1813 275 1854 a
305 1790 393 1856 nobis
423 1789 527 1856 laetam
561 1789 792 1878 haudquaquam
825 1788 1044 1877 redarguerint,
1080 1789 1169 1852 immo
1199 1807 1270 1851 vero

258 1927 323 1971 oum
340 1929 374 1971 ea
391 1910 556 1972 consentire
572 1906 738 1972 videantur.
776 1905 841 1971 Jam
856 1927 929 1971 vero
953 1903 1090 1992 expediet
1112 1905 1270 1991 inquirere,

257 2045 333 2112 quae
357 2045 445 2089 eausa
467 2023 676 2109 imperatorem
699 2023 863 2111 impulerit,
893 2034 929 2088 ut
957 2042 1030 2087 voce
1058 2023 1117 2086 ista
1145 2019 1271 2104 aneipito

257 2151 287 2204 et
311 2139 402 2205 dubia
423 2161 498 2205 usus
522 2141 570 2205 sit.

323 2251 499 2338 Fuerunt¹),
526 2259 577 2344 qui
599 2256 807 2344 Imperatorem
830 2256 1019 2332 necessitate,
1043 2265 1078 2318 ut
1101 2275 1163 2317 eam
1186 2249 1272 2317 adhi-

256 2372 371 2450 buerit,
401 2385 535 2438 ooaetum
566 2395 630 2437 esse
654 2371 767 2448 dicant,
799 2374 941 2458 quoniam
970 2370 1026 2434 alia
1048 2391 1111 2435 vox
1134 2365 1269 2444 deluerit,

258 2509 317 2576 qua
352 2491 447 2553 correi
478 2486 559 2574 apud
588 2486 716 2553 Graecos
747 2486 902 2574 significati
933 2489 1001 2552 sint.
1049 2485 1131 2571 Quae
1159 2484 1270 2549 solutio

256 2626 353 2692 neque
375 2605 610 2689 interpretationi
634 2615 754 2668 nostrae
777 2605 955 2669 conveniens
978 2616 1031 2682 est,
1056 2623 1152 2690 noque
1171 2610 1272 2688 potest

257 2742 324 2785 oum
346 2723 382 2784 iis
405 2718 530 2785 vooibus
554 2719 715 2798 conciliari,
740 2719 851 2809 quibus
873 2720 1037 2808 Imperator
1058 2730 1175 2807 praeter
1196 2737 1269 2792 eam,

257 2838 294 2903 de
317 2860 376 2926 qua
399 2840 524 2926 agimus,
549 2859 622 2902 usus
645 2849 698 2914 est,
724 2859 857 2927 quasque
879 2849 965 2902 antea
988 2837 1136 2902 novimus.

323 2955 411 3020 Alius
441 2953 560 3043 quidam
589 2947 746 3043 seriptor²l
775 2956 944 3042 suspicatus
972 2965 1032 3030 est,
1062 2951 1271 3038 Imperatorem

257 3095 292 3138 33
317 3086 496 3138 commotum
521 3094 592 3151 esse,
617 3070 700 3160 quod
722 3069 895 3136 beneficium
918 3069 1083 3145 divisionis,
1108 3066 1192 3155 quod
1208 3065 1272 3131 No-

256 3189 332 3252 vella
352 3201 456 3253 nostra
471 3187 591 3252 duobus
606 3191 664 3251 reis
680 3187 845 3264 indulserit,
865 3187 927 3272 jam
944 3197 1028 3250 antea
1042 3183 1270 3270 fidejussoribus

258 3306 450 3390 competierit.
487 3301 569 3385 Quae
584 3305 671 3378 ratio,
696 3305 831 3389 quamvis
854 3301 1044 3388 explicationi
1066 3311 1186 3364 nostrae
1208 3320 1270 3362 non

256 3421 360 3505 magis,
385 3439 472 3504 quam
496 3417 545 3481 illa
568 3430 721 3505 congruat,
747 3440 833 3506 quam
858 3439 954 3505 nuper
974 3417 1145 3503 rejecimus,
1173 3428 1271 3479 tamen

252 3535 315 3621 jam
343 3533 410 3599 ideo
441 3533 627 3621 comprobari
657 3536 774 3622 nequit,
804 3539 875 3623 quia
901 3533 1125 3599 mandatoribus
1147 3546 1177 3598 et
1199 3555 1271 3597 oon·

258 3649 448 3716 stitutoribus
477 3649 554 3714 idem
583 3650 756 3717 benefitium
787 3651 886 3717 datum
915 3664 991 3730 erat,
1021 3653 1115 3716 correi
1144 3648 1271 3714 debendi

257 3817 470 3830 ’.ιο-*ι-

313 3915 334 3984 ¹)
357 3914 452 3985 Utputa
469 3917 561 3969 Antoo.
575 3915 660 3970 Faber.
680 3914 722 3970 efr.
742 3915 812 3986 §25.
830 3915 937 3972 33317.

312 4012 334 4081 ²)
355 4014 410 4066 Joa.
424 4011 567 4069 Goeddaeus
585 4011 630 4067 1.1.
649 4031 686 4067 nr.
701 4012 759 4067 132.
