2936 4554
641 273 800 374 -ιι-ι-

214 469 360 524 teneatnr.
387 473 432 505 —'
448 455 528 521 idem
552 455 678 522 derivari
700 457 825 542 poterit,
856 459 942 522 etiam
966 459 994 520 si
1015 448 1231 522 &marescum

215 593 271 661 pro
294 571 419 638 Pessiro
442 571 611 642 habendum
634 575 682 646 sit,
710 593 786 648 cum,
811 573 837 636 si
859 594 920 637 non
944 574 1043 636 statim
1067 577 1230 662 unusquis·

215 692 326 776 quein
349 688 477 754 solidum
501 686 721 752 conveniendus
745 699 799 764 est,
823 686 876 751 sed
899 686 1028 752 creditor
1050 690 1137 752 etiam
1158 710 1231 754 cou-

215 817 262 870 tra
289 804 421 892 reliquos
447 803 606 892 procedere
630 801 734 882 debet.
761 824 823 868 non
845 802 981 891 singulus
1005 807 1146 891 quisque,
1177 805 1229 872 scd

217 923 309 988 etiam
330 921 436 1008 reliqui
458 918 490 984 h.
506 941 531 983 e.
557 939 659 984 omnes
682 921 712 983 in
735 917 864 983 solidum
887 918 1082 984 conveniendi
1100 923 1169 986 sint
1190 958 1226 970 -

216 1034 272 1103 Sin
305 1057 377 1102 vero
411 1056 478 1100 cum
504 1031 677 1099 Haloandro
712 1027 814 1098 »eard
842 1057 870 1098 e.
888 1058 942 1120 pc«
976 1034 1150 1102 vertendum
1180 1040 1228 1114 sit,

215 1151 406 1216 nihilosecius
429 1161 525 1214 minen
548 1169 689 1236 expressa
710 1153 840 1239 partium
862 1148 1062 1217 denominatio
1084 1156 1114 1217 io
1130 1151 1229 1218 libello

216 1269 341 1332 actionis
353 1263 491 1330 creditori
502 1286 564 1330 non
575 1268 748 1353 imponitur.
772 1265 904 1331 Primum
921 1269 999 1331 enim
1012 1289 1116 1334 revera
1129 1281 1229 1356 partes

217 1382 316 1448 viriles
337 1393 496 1470 petuntur,
526 1384 552 1445 si
574 1394 658 1447 actor
680 1380 810 1447 solidum
837 1380 875 1447 ab
903 1381 1041 1448 omnibns
1064 1386 1172 1472 exigit,
1201 1398 1231 1451 et

217 1509 312 1564 ecrtm
328 1500 419 1586 igitur
435 1500 614 1586 quantitates
631 1510 667 1563 nt
682 1497 842 1562 afferantur
858 1520 936 1585 opus
952 1521 1012 1564 non
1029 1511 1082 1566 est.
1117 1499 1231 1566 Deinde

215 1614 403 1680 Justinianus
419 1635 485 1680 cum
498 1613 676 1680 Particulam
692 1605 793 1678 »orie«
808 1625 876 1680 aute
891 1614 1070 1681 vocabulum
1087 1610 1230 1693 reciduis·

217 1730 383 1806 collocarit,
407 1730 471 1815 ejus
494 1728 578 1795 verbi
600 1734 752 1795 notionem
776 1733 877 1818 negari
900 1724 1072 1817 apparct¹⁴),
1096 1730 1181 1820 qood
1202 1745 1232 1799 et

216 1846 268 1912 illo
298 1847 393 1921 reduc
419 1848 499 1929 pir«
529 1846 729 1912 confirmatur.
769 1844 868 1929 Quare
891 1847 1043 1935 legislator
1064 1851 1229 1914 necessario

217 1961 376 2050 significat,
405 1984 467 2026 non
496 1964 595 2027 statim
623 1961 743 2050 quidem
771 1959 809 2026 ab
837 1963 923 2027 initio
952 1962 1081 2029 solidum
1108 1964 1145 2030 ab
1168 1985 1230 2030 nno

217 2081 297 2167 exigi
323 2077 448 2161 debere,
476 2077 531 2144 sed
553 2087 666 2165 posteo
686 2077 826 2166 fortasse
852 2089 989 2143 exactum
1018 2081 1054 2145 iri
1076 2081 1123 2146 vel
1151 2083 1231 2168 exigi

211 2217 313 2282 porse.
353 2192 436 2277 Quae
458 2195 609 2260 conclusio
633 2205 697 2259 rata
720 2196 790 2270 erit,
819 2197 844 2258 si
868 2193 1045 2274 consideres,
1069 2218 1162 2262 unum
1179 2197 1232 2283 ju·

218 2309 327 2375 dicium
350 2331 503 2376 commuue
525 2309 669 2375 adversus
693 2331 795 2375 omnes
818 2332 938 2376 correus
961 2313 1112 2389 constitui,
1137 2314 1163 2376 si
1185 2333 1231 2376 re·

216 2426 290 2513 liqui
312 2437 482 2511 praesentes
504 2437 534 2490 et
548 2423 691 2490 solvendo
708 2427 776 2502 sint,
800 2438 890 2513 atque
907 2448 1018 2504 omnes,
1043 2428 1068 2492 si
1084 2426 1233 2492 adfuerint

218 2553 248 2608 et
270 2563 321 2606 eos
344 2539 488 2606 solvendo
511 2561 575 2605 esse
592 2553 742 2627 appareat,
767 2561 913 2631 quemque
928 2564 984 2632 pro
1000 2555 1083 2632 parte
1099 2540 1231 2608 debitum

218 2657 351 2745 explere,
376 2679 391 2722 e
414 2659 563 2723 contrario
586 2668 684 2722 autem
708 2678 810 2736 unum,
835 2661 861 2723 si
882 2659 989 2747 reliqui
1011 2657 1159 2725 abluerint
1180 2671 1233 2724 aut

217 2797 268 2841 eos
298 2773 442 2840 solvendo
471 2797 534 2841 non
562 2795 626 2840 esse
656 2786 812 2861 appareat,
848 2777 936 2840 etiam
963 2778 995 2840 in
1022 2773 1068 2853 id,
1104 2772 1187 2862 qnod
1214 2796 1233 2838 a

217 2894 320 2957 ceteris
347 2893 460 2958 servari
486 2913 548 2957 non
570 2894 683 2978 possit,
711 2893 805 2956 teneri
829 2903 982 2980 oportere,
1012 2888 1232 2978 ergoeundem

212 3002 342 3095 judicem
366 3008 456 3074 modo
481 3027 582 3073 omnes
604 3029 661 3094 pro
685 3006 820 3093 partibus
843 3006 995 3085 virilibus,
1024 3005 1116 3072 modo
1139 3027 1233 3071 unum

216 3123 355 3213 pluresve
383 3126 414 3188 in
444 3135 543 3212 partes
572 3123 611 3188 ad
633 3123 706 3188 alios
729 3126 924 3210 pertinentes,
954 3126 1027 3211 quin
1050 3124 1138 3188 etiam
1161 3143 1232 3209 crgo

217 3292 341 3345 tissimum
358 3291 497 3344 Pronomen
515 3287 669 3343 referendum
687 3293 764 3353 esset,
787 3289 808 3340 ri
826 3287 929 3342 creditor
946 3305 961 3341 a
977 3285 1077 3359 reliquis
1095 3303 1135 3341 eas
1153 3293 1234 3358 partes

218 3391 314 3462 exigere
331 3386 439 3454 deberet,
462 3405 507 3458 pro
527 3386 617 3458 quibus
636 3386 741 3458 quisque
765 3385 873 3456 (eorum)
895 3392 1025 3440 tenemur.
1061 3385 1129 3450 Quae
1151 3391 1234 3438 autern

219 3494 278 3542 sunt
295 3483 348 3539 illae
364 3493 458 3555 partes,
482 3502 528 3557 pro
547 3484 637 3556 quibus
655 3481 741 3554 reliqui
759 3501 803 3556 per
820 3501 846 3538 se
863 3482 993 3539 tenemur?
1014 3512 1048 3524 -
1072 3481 1099 3536 Si
1117 3483 1235 3538 sententia

218 3592 303 3639 nostra
320 3582 465 3654 rejiceretur,
483 3589 605 3653 praeterea
623 3591 647 3638 et
664 3581 721 3636 haee
733 3581 861 3637 difficultas
877 3581 1003 3648 accederet,
1022 3580 1090 3652 quod
1101 3579 1236 3652 imperator

219 3699 298 3737 unum
316 3698 382 3734 »non
399 3681 424 3734 in
442 3677 579 3746 solidum·,
603 3689 627 3735 et
649 3679 757 3751 reliquos
780 3698 842 3751 »pro
860 3689 945 3752 parte«
968 3680 1090 3734 conveniri
1107 3676 1234 3743 voluisset,

218 3782 252 3834 ita
269 3787 299 3832 ut
315 3797 359 3850 prr
376 3778 488 3852 ambages
506 3778 606 3832 demum
618 3777 810 3834 concludendum
822 3786 893 3846 esset,
910 3777 980 3832 illum
992 3777 1100 3833 ἕκαστον
1110 3794 1155 3849 pro
1167 3783 1235 3847 parte

219 3875 283 3931 virili
301 3877 422 3931 conveniri
441 3885 558 3948 oportere.
586 3875 620 3931 V.
640 3875 710 3946 §400

274 3972 308 4042 ²⁴)
332 3972 381 4029 cfr.
400 3971 654 4048 Krueger§67,10.
673 3975 706 4030 A.
722 3974 745 4030 1.
