2952 4556
629 340 787 442 ‚ua-s*

270 519 346 588 Cum
367 522 531 609 Imperator
553 523 645 609 igitur
660 517 751 586 verbo
774 519 971 605 escattoper
985 535 1015 588 et
1029 523 1216 590 Accusativis

203 647 269 704 etim
291 637 445 704 lebnitivis
473 659 547 704 usus
577 640 630 714 sit,
662 634 732 701 dum
753 649 859 724 postea
884 638 1016 726 Tempus
1040 651 1069 706 et
1090 639 1216 705 Modum

201 749 1001 840 (εὖθυνθήσονται-ἒξετασθήσεται-προβήσεται)
1013 759 1148 833 mutavit,
1162 779 1216 845 ap·

201 882 286 958 paret
307 872 374 957 ipso
399 891 457 934 »cx
480 868 584 934 ordine
607 869 744 947 literae,«
768 892 834 934 eum
857 893 921 936 oon
937 873 1150 958 praecepisse,
1180 883 1216 938 ut

201 1007 255 1074 per
269 989 413 1052 actionem
420 985 559 1070 judicati
573 983 726 1050 facultates
740 1008 860 1051 reorum
878 998 1096 1052 excuterentur.
1125 985 1215 1070 Quod

200 1124 262 1167 non
285 1103 382 1167 solum
405 1123 440 1167 eo
465 1101 665 1176 confirmatur,
690 1100 772 1187 quod
796 1125 898 1167 vocem
923 1099 1046 1168 »odem«
1067 1101 1213 1180 adhibuit,

202 1239 278 1306 quae
301 1220 400 1296 »sic,‹
427 1239 522 1306 neque
546 1229 689 1304 »postea«
714 1218 761 1282 vel
785 1218 892 1282 »ideo«
916 1217 962 1282 vel
985 1221 1124 1306 niveque«
1150 1239 1215 1283 ver·

200 1332 288 1398 tenda
312 1346 366 1412 est,
390 1333 443 1399 sed
466 1336 552 1398 etiam
575 1355 621 1409 eo,
646 1330 737 1420 quod,
762 1335 788 1396 si
811 1355 876 1398 cum
894 1333 1017 1399 Baetulo
1042 1346 1072 1399 et
1087 1333 1213 1400 Donello

201 1425 459 1516 enuntiationibus
482 1443 902 1533 »οὕτω-εὐθυνθήσονταμ
926 1462 955 1513 et
975 1447 1215 1526 »καὶ-ἐξετασ-
1228 1520 1237 1534 Ι,

200 1562 358 1648 diescat«
382 1561 456 1626 edici
478 1566 691 1650 acciperemus,
723 1562 876 1649 quomodo
900 1566 929 1626 in
954 1566 1068 1627 actione
1086 1563 1213 1649 judicati

133 1733 137 1744 .
199 1677 382 1745 instituenda
409 1677 530 1764 procedi
554 1677 691 1755 deberet,
721 1680 808 1742 etiam
839 1675 937 1741 verbis
967 1679 997 1742 in
1025 1677 1083 1742 fine
1105 1681 1214 1764 positia

200 1789 542 1879 (neat-ncopp'cnau)
565 1793 720 1859 dicendum
736 1805 813 1858 esset
828 1815 941 1857 nocem
964 1792 1096 1858 edictum
1118 1797 1214 1859 conti·

199 1914 272 1988 neri,
297 1909 382 1998 qaod
395 1909 552 1996 applicari
566 1920 728 1997 oporteret,
742 1918 910 1996 postquam
925 1908 1077 1975 facultates
1093 1930 1213 1974 reorum

198 2026 295 2092 taliter
309 2047 363 2113 per
378 2027 520 2093 actionem
531 2025 657 2112 judicati
673 2027 855 2092 examinatae
871 2038 978 2090 esseut.
1019 2024 1098 2090 Tum
1114 2037 1212 2090 autern

193 2143 276 2230 juste
310 2140 567 2220 concluderemus,
597 2142 645 2206 his
674 2139 772 2206 verbis
797 2141 849 2226 jus
878 2139 1032 2206 creditoris
1060 2139 1098 2206 ad
1126 2153 1212 2207 antea

2 2238 20 2295 l
199 2270 361 2324 conventos
389 2256 546 2334 redeundi,
578 2260 604 2322 si
632 2256 670 2322 ab
694 2279 754 2322 uno
781 2259 877 2330 minus
900 2267 984 2343 parte
1007 2256 1084 2321 virili
1106 2270 1211 2322 nactus

198 2386 290 2451 essct,
325 2385 470 2439 statutum
500 2395 577 2451 esse,
613 2371 696 2461 quod
728 2393 815 2437 nemo
848 2393 977 2438 asserere
1007 2371 1138 2437 audebit.
1171 2409 1206 2421 -—

196 2489 288 2556 lrumo
307 2511 376 2555 vero
397 2490 561 2578 Imperator
584 2511 656 2556 voce
679 2488 763 2556 οὕτω
786 2488 905 2566 indicat,
930 2511 961 2555 se
985 2488 1209 2577 descripturum,

198 2626 273 2695 quae
296 2608 446 2684 eveniant,
477 2609 502 2671 si
520 2606 617 2693 judex
640 2627 741 2671 omnes
766 2608 916 2684 citaverit,
941 2609 966 2670 si
990 2627 1107 2672 causam
1131 2627 1211 2672 com·

197 2725 325 2788 munitor
347 2724 567 2799 examinaverit,
592 2726 617 2787 si
640 2719 814 2788 seutentiam
833 2744 1016 2788 communem
1030 2721 1147 2788 tulerit:
1168 2724 1210 2788 ita

196 2850 246 2915 ut,
270 2839 295 2901 si
320 2859 420 2902 omues
447 2840 595 2913 citaverit,
621 2859 722 2901 ornnes
746 2837 833 2901 simul
857 2840 1010 2914 conventi,
1042 2839 1067 2902 si
1091 2857 1209 2902 causam

197 2955 392 3017 communiter
418 2952 449 3016 h.
472 2975 496 3017 e.
526 2955 641 3016 ratione
665 2954 796 3016 omniurn
820 2953 1046 3028 examinaverit,
1078 2954 1209 3016 omnium

196 3067 350 3133 facultates
379 3067 550 3154 exploratae
578 3069 652 3143 sint,
684 3078 714 3130 et
739 3069 883 3132 sententia
906 3069 1054 3131 communi
1077 3065 1209 3133 debitum

195 3186 237 3250 ita
261 3181 399 3248 distribui
421 3185 527 3269 possit,
551 3195 586 3246 ut
608 3203 698 3248 causa
715 3180 805 3247 debiti
822 3203 914 3270 aeque
930 3181 1091 3248 secundum
1104 3183 1206 3272 legem,

196 3321 229 3365 ac
251 3298 413 3370 secusdum
431 3299 577 3386 justitiam
597 3301 777 3386 processisse
794 3298 938 3364 videatur.
961 3336 994 3348 -
1020 3298 1207 3368 Postremum

194 3437 290 3504 neque
312 3413 473 3494 bartolus,
502 3437 598 3504 neque
627 3415 785 3494 Donellus,
814 3437 909 3503 neque
938 3418 1025 3480 ceteri
1061 3416 1208 3485 recordati

195 3543 274 3611 sunt,
298 3535 504 3600 excussionem
519 3553 635 3620 semper
649 3554 755 3598 cerem
770 3527 1022 3616 exsecutionem)
1038 3555 1111 3612 esse,
1131 3557 1208 3623 quo·

194 3670 260 3714 rum
295 3671 334 3715 ex
367 3651 511 3716 sententia
545 3652 683 3715 excussio
713 3650 800 3716 etiam
829 3647 949 3715 ludibrii
978 3671 1067 3717 causa
1096 3652 1207 3743 suscipi

192 3767 299 3851 possit.

196 3921 407 3934 ————--

220 4008 222 4012 ’
246 4006 269 4075 ⁸)
292 4007 386 4064 b.116
405 4008 434 4065 dc
452 4009 485 4066 V.
500 4009 529 4066 0.
548 4011 576 4066 dt·
592 4011 614 4066 1.
634 4009 678 4082 §9
697 4011 727 4066 de
745 4012 876 4086 magistrat.
896 4027 965 4066 conv.
