<?xml version="1.0" encoding="UTF-8"?>
<!DOCTYPE html PUBLIC "-//W3C//DTD XHTML 1.0 Transitional//EN"
    "http://www.w3.org/TR/xhtml1/DTD/xhtml1-transitional.dtd">
<html xmlns="http://www.w3.org/1999/xhtml" xml:lang="en" lang="en">
 <head>
  <title>
</title>
<meta http-equiv="Content-Type" content="text/html;charset=utf-8" />
  <meta name='ocr-system' content='tesseract 3.04.00' />
  <meta name='ocr-capabilities' content='ocr_page ocr_carea ocr_par ocr_line ocrx_word'/>
</head>
<body>
  <div class='ocr_page' id='page_1' title='image "./novellajustinia00wiedgoog/novellajustinia00wiedgoog_0116.png"; bbox 0 0 2936 4554; ppageno 0'>
   <div class='ocr_carea' id='block_1_1' title="bbox 684 329 844 432">
    <p class='ocr_par' dir='ltr' id='par_1_1' title="bbox 684 329 844 432">
     <span class='ocr_line' id='line_1_1' title="bbox 684 329 844 432; baseline 0 -32"><span class='ocrx_word' id='word_1_1' title='bbox 684 329 844 432; x_wconf 42' lang='lat' dir='ltr'>*apo-</span> 
     </span>
    </p>
   </div>
   <div class='ocr_carea' id='block_1_2' title="bbox 251 501 1338 3610">
    <p class='ocr_par' dir='ltr' id='par_1_2' title="bbox 251 501 1338 3610">
     <span class='ocr_line' id='line_1_2' title="bbox 258 501 1273 592; baseline -0.001 -13"><span class='ocrx_word' id='word_1_2' title='bbox 258 519 342 592; x_wconf 86' lang='lat' dir='ltr'>runt,</span> <span class='ocrx_word' id='word_1_3' title='bbox 367 523 483 580; x_wconf 88' lang='lat' dir='ltr'>censeat</span> <span class='ocrx_word' id='word_1_4' title='bbox 506 509 692 579; x_wconf 79' lang='lat' dir='ltr'>tribuendam</span> <span class='ocrx_word' id='word_1_5' title='bbox 716 535 795 588; x_wconf 87' lang='lat' dir='ltr'>ease,</span> <span class='ocrx_word' id='word_1_6' title='bbox 819 525 855 578; x_wconf 92' lang='lat' dir='ltr'>ut</span> <span class='ocrx_word' id='word_1_7' title='bbox 877 533 915 578; x_wconf 84' lang='lat' dir='ltr'>ex</span> <span class='ocrx_word' id='word_1_8' title='bbox 937 509 1077 578; x_wconf 87' lang='lat' dir='ltr'>mandato</span> <span class='ocrx_word' id='word_1_9' title='bbox 1102 501 1273 578; x_wconf 73' lang='lat' dir='ltr'>correornm</span> 
     </span>
     <span class='ocr_line' id='line_1_3' title="bbox 259 621 1273 718; baseline -0.001 -23"><span class='ocrx_word' id='word_1_10' title='bbox 259 643 363 695; x_wconf 89' lang='lat' dir='ltr'>mutuo</span> <span class='ocrx_word' id='word_1_11' title='bbox 378 642 570 718; x_wconf 84' lang='lat' dir='ltr'>praesumpto</span> <span class='ocrx_word' id='word_1_12' title='bbox 587 651 649 695; x_wconf 88' lang='lat' dir='ltr'>earn</span> <span class='ocrx_word' id='word_1_13' title='bbox 667 621 894 711; x_wconf 58' lang='lat' dir='ltr'>derivaveritnl.</span> <span class='ocrx_word' id='word_1_14' title='bbox 918 627 1060 716; x_wconf 74' lang='lat' dir='ltr'>Reliquae</span> <span class='ocrx_word' id='word_1_15' title='bbox 1077 641 1176 694; x_wconf 85' lang='lat' dir='ltr'>autem</span> <span class='ocrx_word' id='word_1_16' title='bbox 1193 629 1273 694; x_wconf 85' lang='lat' dir='ltr'>illins</span> 
     </span>
     <span class='ocr_line' id='line_1_4' title="bbox 259 743 1274 834; baseline -0.001 -25"><span class='ocrx_word' id='word_1_17' title='bbox 259 744 465 834; x_wconf 81' lang='lat' dir='ltr'>descriptionis</span> <span class='ocrx_word' id='word_1_18' title='bbox 488 758 587 831; x_wconf 86' lang='lat' dir='ltr'>partes</span> <span class='ocrx_word' id='word_1_19' title='bbox 604 743 678 810; x_wconf 88' lang='lat' dir='ltr'>adeo</span> <span class='ocrx_word' id='word_1_20' title='bbox 696 767 780 810; x_wconf 87' lang='lat' dir='ltr'>verae</span> <span class='ocrx_word' id='word_1_21' title='bbox 805 743 877 810; x_wconf 91' lang='lat' dir='ltr'>mibi</span> <span class='ocrx_word' id='word_1_22' title='bbox 892 747 972 809; x_wconf 86' lang='lat' dir='ltr'>visae</span> <span class='ocrx_word' id='word_1_23' title='bbox 995 755 1075 822; x_wconf 82' lang='lat' dir='ltr'>sunt,</span> <span class='ocrx_word' id='word_1_24' title='bbox 1099 757 1135 810; x_wconf 93' lang='lat' dir='ltr'>ut</span> <span class='ocrx_word' id='word_1_25' title='bbox 1150 765 1274 832; x_wconf 87' lang='lat' dir='ltr'>persua-</span> 
     </span>
     <span class='ocr_line' id='line_1_5' title="bbox 258 853 1338 948; baseline -0.002 -22"><span class='ocrx_word' id='word_1_26' title='bbox 258 883 324 926; x_wconf 90' lang='lat' dir='ltr'>sum</span> <span class='ocrx_word' id='word_1_27' title='bbox 340 861 412 926; x_wconf 91' lang='lat' dir='ltr'>mihi</span> <span class='ocrx_word' id='word_1_28' title='bbox 433 861 566 939; x_wconf 87' lang='lat' dir='ltr'>habeam,</span> <span class='ocrx_word' id='word_1_29' title='bbox 590 853 734 926; x_wconf 89' lang='lat' dir='ltr'>neminem</span> <span class='ocrx_word' id='word_1_30' title='bbox 750 859 824 938; x_wconf 84' lang='lat' dir='ltr'>fore,</span> <span class='ocrx_word' id='word_1_31' title='bbox 846 863 898 948; x_wconf 90' lang='lat' dir='ltr'>qui</span> <span class='ocrx_word' id='word_1_32' title='bbox 914 858 1111 948; x_wconf 84' lang='lat' dir='ltr'>obloquatur3</span> <span class='ocrx_word' id='word_1_33' title='bbox 1134 863 1273 948; x_wconf 78' lang='lat' dir='ltr'>quocirca</span> <span class='ocrx_word' id='word_1_34' title='bbox 1334 925 1338 932; x_wconf 75' lang='grc'>,</span> 
     </span>
     <span class='ocr_line' id='line_1_6' title="bbox 257 969 1223 1064; baseline -0.001 -22"><span class='ocrx_word' id='word_1_35' title='bbox 257 974 401 1064; x_wconf 86' lang='lat' dir='ltr'>Savignio</span> <span class='ocrx_word' id='word_1_36' title='bbox 425 975 518 1042; x_wconf 84' lang='lat' dir='ltr'>frctus</span> <span class='ocrx_word' id='word_1_37' title='bbox 542 977 614 1041; x_wconf 89' lang='lat' dir='ltr'>haec</span> <span class='ocrx_word' id='word_1_38' title='bbox 635 989 791 1064; x_wconf 66' lang='lat' dir='ltr'>propono}</span> <span class='ocrx_word' id='word_1_39' title='bbox 1217 969 1223 982; x_wconf 80' lang='grc'>’</span> 
     </span>
     <span class='ocr_line' id='line_1_7' title="bbox 320 1075 1270 1180; baseline -0.001 -23.038"><span class='ocrx_word' id='word_1_40' title='bbox 320 1075 365 1157; x_wconf 79' lang='lat' dir='ltr'>&#39;Ur</span> <span class='ocrx_word' id='word_1_41' title='bbox 380 1091 519 1157; x_wconf 89' lang='lat' dir='ltr'>creditori</span> <span class='ocrx_word' id='word_1_42' title='bbox 541 1095 637 1157; x_wconf 88' lang='lat' dir='ltr'>tutius</span> <span class='ocrx_word' id='word_1_43' title='bbox 653 1091 797 1158; x_wconf 75' lang='lat' dir='ltr'>debeatur</span> <span class='ocrx_word' id='word_1_44' title='bbox 819 1104 908 1179; x_wconf 87' lang='lat' dir='ltr'>atque</span> <span class='ocrx_word' id='word_1_45' title='bbox 932 1090 1100 1180; x_wconf 82' lang='lat' dir='ltr'>expeditior</span> <span class='ocrx_word' id='word_1_46' title='bbox 1122 1095 1162 1158; x_wconf 85' lang='lat' dir='ltr'>sit</span> <span class='ocrx_word' id='word_1_47' title='bbox 1183 1094 1270 1169; x_wconf 89' lang='lat' dir='ltr'>actio,</span> 
     </span>
     <span class='ocr_line' id='line_1_8' title="bbox 258 1206 1272 1296; baseline -0.001 -24"><span class='ocrx_word' id='word_1_48' title='bbox 258 1227 339 1272; x_wconf 82' lang='lat' dir='ltr'>nexu</span> <span class='ocrx_word' id='word_1_49' title='bbox 355 1207 478 1272; x_wconf 88' lang='lat' dir='ltr'>correali</span> <span class='ocrx_word' id='word_1_50' title='bbox 500 1207 600 1293; x_wconf 87' lang='lat' dir='ltr'>plnres</span> <span class='ocrx_word' id='word_1_51' title='bbox 616 1211 658 1272; x_wconf 92' lang='lat' dir='ltr'>rei</span> <span class='ocrx_word' id='word_1_52' title='bbox 679 1210 721 1272; x_wconf 92' lang='lat' dir='ltr'>ita</span> <span class='ocrx_word' id='word_1_53' title='bbox 738 1219 886 1286; x_wconf 90' lang='lat' dir='ltr'>tenentur,</span> <span class='ocrx_word' id='word_1_54' title='bbox 909 1220 953 1285; x_wconf 90' lang='lat' dir='ltr'>ut,</span> <span class='ocrx_word' id='word_1_55' title='bbox 977 1228 1157 1296; x_wconf 80' lang='lat' dir='ltr'>quamquam</span> <span class='ocrx_word' id='word_1_56' title='bbox 1172 1206 1272 1272; x_wconf 91' lang='lat' dir='ltr'>eadem</span> 
     </span>
     <span class='ocr_line' id='line_1_9' title="bbox 258 1322 1273 1413; baseline -0.002 -24"><span class='ocrx_word' id='word_1_57' title='bbox 258 1344 305 1389; x_wconf 87' lang='lat' dir='ltr'>res</span> <span class='ocrx_word' id='word_1_58' title='bbox 327 1327 358 1388; x_wconf 91' lang='lat' dir='ltr'>in</span> <span class='ocrx_word' id='word_1_59' title='bbox 375 1326 506 1388; x_wconf 88' lang='lat' dir='ltr'>omnium</span> <span class='ocrx_word' id='word_1_60' title='bbox 523 1322 704 1413; x_wconf 81' lang='lat' dir='ltr'>obligatione</span> <span class='ocrx_word' id='word_1_61' title='bbox 719 1326 855 1402; x_wconf 88' lang='lat' dir='ltr'>vertitur,</span> <span class='ocrx_word' id='word_1_62' title='bbox 880 1327 1087 1412; x_wconf 87' lang='lat' dir='ltr'>unusquisqne</span> <span class='ocrx_word' id='word_1_63' title='bbox 1108 1335 1206 1389; x_wconf 90' lang='lat' dir='ltr'>tamen</span> <span class='ocrx_word' id='word_1_64' title='bbox 1222 1322 1273 1387; x_wconf 89' lang='lat' dir='ltr'>de-</span> 
     </span>
     <span class='ocr_line' id='line_1_10' title="bbox 257 1437 1271 1527; baseline -0.001 -23"><span class='ocrx_word' id='word_1_65' title='bbox 257 1437 339 1504; x_wconf 90' lang='lat' dir='ltr'>bitor</span> <span class='ocrx_word' id='word_1_66' title='bbox 361 1441 401 1504; x_wconf 87' lang='lat' dir='ltr'>ait</span> <span class='ocrx_word' id='word_1_67' title='bbox 424 1442 508 1526; x_wconf 87' lang='lat' dir='ltr'>quasi</span> <span class='ocrx_word' id='word_1_68' title='bbox 531 1437 624 1504; x_wconf 85' lang='lat' dir='ltr'>colus.</span> <span class='ocrx_word' id='word_1_69' title='bbox 662 1437 808 1526; x_wconf 79' lang='lat' dir='ltr'>Exemplo</span> <span class='ocrx_word' id='word_1_70' title='bbox 832 1443 927 1504; x_wconf 90' lang='lat' dir='ltr'>mutui</span> <span class='ocrx_word' id='word_1_71' title='bbox 951 1439 1012 1504; x_wconf 93' lang='lat' dir='ltr'>dati</span> <span class='ocrx_word' id='word_1_72' title='bbox 1038 1441 1185 1527; x_wconf 85' lang='lat' dir='ltr'>inspecto,</span> <span class='ocrx_word' id='word_1_73' title='bbox 1210 1458 1271 1525; x_wconf 92' lang='lat' dir='ltr'>quo</span> 
     </span>
     <span class='ocr_line' id='line_1_11' title="bbox 258 1554 1274 1644; baseline -0.002 -24"><span class='ocrx_word' id='word_1_74' title='bbox 258 1554 295 1620; x_wconf 90' lang='lat' dir='ltr'>dc</span> <span class='ocrx_word' id='word_1_75' title='bbox 317 1554 468 1621; x_wconf 89' lang='lat' dir='ltr'>reddendo</span> <span class='ocrx_word' id='word_1_76' title='bbox 492 1554 619 1620; x_wconf 88' lang='lat' dir='ltr'>Romani</span> <span class='ocrx_word' id='word_1_77' title='bbox 647 1558 805 1644; x_wconf 86' lang='lat' dir='ltr'>praecipue</span> <span class='ocrx_word' id='word_1_78' title='bbox 833 1555 1024 1643; x_wconf 85' lang='lat' dir='ltr'>stipulatione</span> <span class='ocrx_word' id='word_1_79' title='bbox 1048 1567 1078 1620; x_wconf 92' lang='lat' dir='ltr'>ct</span> <span class='ocrx_word' id='word_1_80' title='bbox 1103 1575 1184 1620; x_wconf 87' lang='lat' dir='ltr'>nexu</span> <span class='ocrx_word' id='word_1_81' title='bbox 1207 1575 1274 1619; x_wconf 90' lang='lat' dir='ltr'>eor·</span> 
     </span>
     <span class='ocr_line' id='line_1_12' title="bbox 257 1669 1272 1759; baseline -0.001 -23"><span class='ocrx_word' id='word_1_82' title='bbox 257 1672 328 1736; x_wconf 90' lang='lat' dir='ltr'>reali</span> <span class='ocrx_word' id='word_1_83' title='bbox 350 1670 526 1748; x_wconf 86' lang='lat' dir='ltr'>utebantur,</span> <span class='ocrx_word' id='word_1_84' title='bbox 555 1693 623 1735; x_wconf 89' lang='lat' dir='ltr'>reos</span> <span class='ocrx_word' id='word_1_85' title='bbox 653 1671 732 1736; x_wconf 90' lang='lat' dir='ltr'>ultra</span> <span class='ocrx_word' id='word_1_86' title='bbox 754 1670 785 1736; x_wconf 92' lang='lat' dir='ltr'>id</span> <span class='ocrx_word' id='word_1_87' title='bbox 813 1675 904 1736; x_wconf 90' lang='lat' dir='ltr'>teneri</span> <span class='ocrx_word' id='word_1_88' title='bbox 928 1683 1068 1759; x_wconf 89' lang='lat' dir='ltr'>apparet,</span> <span class='ocrx_word' id='word_1_89' title='bbox 1099 1669 1182 1759; x_wconf 92' lang='lat' dir='ltr'>quod</span> <span class='ocrx_word' id='word_1_90' title='bbox 1205 1691 1272 1735; x_wconf 86' lang='lat' dir='ltr'>vere</span> 
     </span>
     <span class='ocr_line' id='line_1_13' title="bbox 258 1784 1273 1875; baseline -0.003 -23"><span class='ocrx_word' id='word_1_91' title='bbox 258 1790 437 1875; x_wconf 80' lang='lat' dir='ltr'>receperint,</span> <span class='ocrx_word' id='word_1_92' title='bbox 467 1789 530 1852; x_wconf 90' lang='lat' dir='ltr'>sive</span> <span class='ocrx_word' id='word_1_93' title='bbox 554 1785 685 1852; x_wconf 88' lang='lat' dir='ltr'>debiturn</span> <span class='ocrx_word' id='word_1_94' title='bbox 711 1799 763 1852; x_wconf 90' lang='lat' dir='ltr'>aut</span> <span class='ocrx_word' id='word_1_95' title='bbox 786 1787 909 1854; x_wconf 88' lang='lat' dir='ltr'>diversis</span> <span class='ocrx_word' id='word_1_96' title='bbox 937 1800 989 1852; x_wconf 90' lang='lat' dir='ltr'>aut</span> <span class='ocrx_word' id='word_1_97' title='bbox 1011 1787 1113 1874; x_wconf 84' lang='lat' dir='ltr'>aequis</span> <span class='ocrx_word' id='word_1_98' title='bbox 1136 1784 1273 1873; x_wconf 88' lang='lat' dir='ltr'>partibus</span> 
     </span>
     <span class='ocr_line' id='line_1_14' title="bbox 258 1900 1272 1990; baseline 0 -24"><span class='ocrx_word' id='word_1_99' title='bbox 258 1905 336 1968; x_wconf 89' lang='lat' dir='ltr'>inter</span> <span class='ocrx_word' id='word_1_100' title='bbox 357 1923 389 1966; x_wconf 86' lang='lat' dir='ltr'>se</span> <span class='ocrx_word' id='word_1_101' title='bbox 412 1900 582 1978; x_wconf 86' lang='lat' dir='ltr'>diviserint,</span> <span class='ocrx_word' id='word_1_102' title='bbox 612 1904 674 1966; x_wconf 87' lang='lat' dir='ltr'>sive</span> <span class='ocrx_word' id='word_1_103' title='bbox 698 1905 793 1968; x_wconf 87' lang='lat' dir='ltr'>omnis</span> <span class='ocrx_word' id='word_1_104' title='bbox 822 1905 947 1990; x_wconf 89' lang='lat' dir='ltr'>pecunia</span> <span class='ocrx_word' id='word_1_105' title='bbox 976 1901 1014 1968; x_wconf 90' lang='lat' dir='ltr'>ad</span> <span class='ocrx_word' id='word_1_106' title='bbox 1042 1923 1134 1967; x_wconf 88' lang='lat' dir='ltr'>unum</span> <span class='ocrx_word' id='word_1_107' title='bbox 1156 1913 1272 1966; x_wconf 86' lang='lat' dir='ltr'>tanturn</span> 
     </span>
     <span class='ocr_line' id='line_1_15' title="bbox 257 2010 1273 2104; baseline -0.002 -21"><span class='ocrx_word' id='word_1_108' title='bbox 257 2010 477 2104; x_wconf 79' lang='lat' dir='ltr'>pervenerit”).</span> <span class='ocrx_word' id='word_1_109' title='bbox 508 2017 591 2102; x_wconf 77' lang='lat' dir='ltr'>Quae</span> <span class='ocrx_word' id='word_1_110' title='bbox 614 2039 679 2082; x_wconf 89' lang='lat' dir='ltr'>cum</span> <span class='ocrx_word' id='word_1_111' title='bbox 703 2020 745 2083; x_wconf 92' lang='lat' dir='ltr'>ita</span> <span class='ocrx_word' id='word_1_112' title='bbox 767 2039 799 2082; x_wconf 84' lang='lat' dir='ltr'>se</span> <span class='ocrx_word' id='word_1_113' title='bbox 815 2017 952 2095; x_wconf 87' lang='lat' dir='ltr'>habeant,</span> <span class='ocrx_word' id='word_1_114' title='bbox 976 2020 1002 2083; x_wconf 92' lang='lat' dir='ltr'>si</span> <span class='ocrx_word' id='word_1_115' title='bbox 1018 2015 1273 2102; x_wconf 84' lang='lat' dir='ltr'>SC.Vellejanum</span> 
     </span>
     <span class='ocr_line' id='line_1_16' title="bbox 259 2133 1273 2221; baseline -0.002 -23"><span class='ocrx_word' id='word_1_116' title='bbox 259 2133 393 2199; x_wconf 88' lang='lat' dir='ltr'>adhiberi</span> <span class='ocrx_word' id='word_1_117' title='bbox 421 2135 536 2212; x_wconf 86' lang='lat' dir='ltr'>liceret,</span> <span class='ocrx_word' id='word_1_118' title='bbox 566 2137 609 2198; x_wconf 89' lang='lat' dir='ltr'>ita</span> <span class='ocrx_word' id='word_1_119' title='bbox 631 2143 666 2200; x_wconf 90' lang='lat' dir='ltr'>ut</span> <span class='ocrx_word' id='word_1_120' title='bbox 688 2137 782 2200; x_wconf 87' lang='lat' dir='ltr'>correi</span> <span class='ocrx_word' id='word_1_121' title='bbox 805 2137 887 2199; x_wconf 90' lang='lat' dir='ltr'>vetiti</span> <span class='ocrx_word' id='word_1_122' title='bbox 912 2145 1010 2199; x_wconf 89' lang='lat' dir='ltr'>essent</span> <span class='ocrx_word' id='word_1_123' title='bbox 1037 2137 1068 2198; x_wconf 90' lang='lat' dir='ltr'>in</span> <span class='ocrx_word' id='word_1_124' title='bbox 1091 2133 1159 2221; x_wconf 90' lang='lat' dir='ltr'>plus</span> <span class='ocrx_word' id='word_1_125' title='bbox 1182 2135 1273 2220; x_wconf 84' lang='lat' dir='ltr'>exigi,</span> 
     </span>
     <span class='ocr_line' id='line_1_17' title="bbox 259 2247 1275 2338; baseline -0.001 -25"><span class='ocrx_word' id='word_1_126' title='bbox 259 2269 348 2337; x_wconf 90' lang='lat' dir='ltr'>quam</span> <span class='ocrx_word' id='word_1_127' title='bbox 371 2249 454 2337; x_wconf 92' lang='lat' dir='ltr'>quod</span> <span class='ocrx_word' id='word_1_128' title='bbox 476 2253 665 2338; x_wconf 84' lang='lat' dir='ltr'>accepissent,</span> <span class='ocrx_word' id='word_1_129' title='bbox 688 2271 736 2315; x_wconf 88' lang='lat' dir='ltr'>rea</span> <span class='ocrx_word' id='word_1_130' title='bbox 754 2247 926 2316; x_wconf 88' lang='lat' dir='ltr'>omnimodo</span> <span class='ocrx_word' id='word_1_131' title='bbox 943 2250 1069 2337; x_wconf 91' lang='lat' dir='ltr'>liqueret</span> <span class='ocrx_word' id='word_1_132' title='bbox 1089 2261 1119 2314; x_wconf 86' lang='lat' dir='ltr'>et</span> <span class='ocrx_word' id='word_1_133' title='bbox 1136 2250 1205 2336; x_wconf 88' lang='lat' dir='ltr'>jure</span> <span class='ocrx_word' id='word_1_134' title='bbox 1228 2247 1275 2312; x_wconf 91' lang='lat' dir='ltr'>di·</span> 
     </span>
     <span class='ocr_line' id='line_1_18' title="bbox 259 2365 1274 2454; baseline 0 -26"><span class='ocrx_word' id='word_1_135' title='bbox 259 2378 384 2442; x_wconf 86' lang='lat' dir='ltr'>ceretur,</span> <span class='ocrx_word' id='word_1_136' title='bbox 409 2377 461 2429; x_wconf 90' lang='lat' dir='ltr'>aut</span> <span class='ocrx_word' id='word_1_137' title='bbox 475 2379 635 2453; x_wconf 89' lang='lat' dir='ltr'>utrumque</span> <span class='ocrx_word' id='word_1_138' title='bbox 658 2378 818 2430; x_wconf 89' lang='lat' dir='ltr'>autunum</span> <span class='ocrx_word' id='word_1_139' title='bbox 841 2387 925 2430; x_wconf 90' lang='lat' dir='ltr'>reum</span> <span class='ocrx_word' id='word_1_140' title='bbox 948 2388 1004 2454; x_wconf 91' lang='lat' dir='ltr'>pro</span> <span class='ocrx_word' id='word_1_141' title='bbox 1020 2365 1112 2430; x_wconf 90' lang='lat' dir='ltr'>altero</span> <span class='ocrx_word' id='word_1_142' title='bbox 1133 2367 1274 2431; x_wconf 87' lang='lat' dir='ltr'>interces-</span> 
     </span>
     <span class='ocr_line' id='line_1_19' title="bbox 259 2477 1274 2558; baseline 0.001 -13"><span class='ocrx_word' id='word_1_143' title='bbox 259 2483 344 2546; x_wconf 80' lang='lat' dir='ltr'>sisse.</span> <span class='ocrx_word' id='word_1_144' title='bbox 383 2477 444 2545; x_wconf 91' lang='lat' dir='ltr'>Sed</span> <span class='ocrx_word' id='word_1_145' title='bbox 471 2484 512 2544; x_wconf 90' lang='lat' dir='ltr'>ita</span> <span class='ocrx_word' id='word_1_146' title='bbox 535 2502 565 2544; x_wconf 89' lang='lat' dir='ltr'>se</span> <span class='ocrx_word' id='word_1_147' title='bbox 588 2501 635 2544; x_wconf 84' lang='lat' dir='ltr'>rea</span> <span class='ocrx_word' id='word_1_148' title='bbox 658 2503 720 2546; x_wconf 91' lang='lat' dir='ltr'>non</span> <span class='ocrx_word' id='word_1_149' title='bbox 744 2480 847 2558; x_wconf 91' lang='lat' dir='ltr'>habet,</span> <span class='ocrx_word' id='word_1_150' title='bbox 878 2494 908 2547; x_wconf 93' lang='lat' dir='ltr'>et</span> <span class='ocrx_word' id='word_1_151' title='bbox 930 2503 968 2547; x_wconf 83' lang='lat' dir='ltr'>ex</span> <span class='ocrx_word' id='word_1_152' title='bbox 989 2503 1045 2546; x_wconf 87' lang='lat' dir='ltr'>ana</span> <span class='ocrx_word' id='word_1_153' title='bbox 1067 2481 1221 2546; x_wconf 80' lang='lat' dir='ltr'>voluntate</span> <span class='ocrx_word' id='word_1_154' title='bbox 1244 2491 1274 2546; x_wconf 92' lang='lat' dir='ltr'>et</span> 
     </span>
     <span class='ocr_line' id='line_1_20' title="bbox 261 2593 1271 2684; baseline 0 -24"><span class='ocrx_word' id='word_1_155' title='bbox 261 2594 451 2682; x_wconf 82' lang='lat' dir='ltr'>obligationis</span> <span class='ocrx_word' id='word_1_156' title='bbox 475 2593 585 2674; x_wconf 80' lang='lat' dir='ltr'>forma,</span> <span class='ocrx_word' id='word_1_157' title='bbox 610 2616 685 2683; x_wconf 90' lang='lat' dir='ltr'>qua,</span> <span class='ocrx_word' id='word_1_158' title='bbox 711 2617 785 2684; x_wconf 89' lang='lat' dir='ltr'>quae</span> <span class='ocrx_word' id='word_1_159' title='bbox 808 2594 885 2662; x_wconf 87' lang='lat' dir='ltr'>iacta</span> <span class='ocrx_word' id='word_1_160' title='bbox 907 2610 953 2664; x_wconf 91' lang='lat' dir='ltr'>est</span> <span class='ocrx_word' id='word_1_161' title='bbox 975 2595 1066 2662; x_wconf 91' lang='lat' dir='ltr'>debiti</span> <span class='ocrx_word' id='word_1_162' title='bbox 1089 2595 1271 2672; x_wconf 87' lang='lat' dir='ltr'>distributio,</span> 
     </span>
     <span class='ocr_line' id='line_1_21' title="bbox 261 2710 1274 2801; baseline 0 -25"><span class='ocrx_word' id='word_1_163' title='bbox 261 2714 381 2777; x_wconf 84' lang='lat' dir='ltr'>omnino</span> <span class='ocrx_word' id='word_1_164' title='bbox 406 2710 553 2799; x_wconf 85' lang='lat' dir='ltr'>detegitur</span> <span class='ocrx_word' id='word_1_165' title='bbox 575 2725 627 2778; x_wconf 89' lang='lat' dir='ltr'>aut</span> <span class='ocrx_word' id='word_1_166' title='bbox 649 2725 727 2778; x_wconf 88' lang='lat' dir='ltr'>certe</span> <span class='ocrx_word' id='word_1_167' title='bbox 749 2735 810 2778; x_wconf 93' lang='lat' dir='ltr'>non</span> <span class='ocrx_word' id='word_1_168' title='bbox 834 2712 1015 2791; x_wconf 86' lang='lat' dir='ltr'>declaratur,</span> <span class='ocrx_word' id='word_1_169' title='bbox 1039 2733 1142 2779; x_wconf 81' lang='lat' dir='ltr'>omnes</span> <span class='ocrx_word' id='word_1_170' title='bbox 1164 2713 1274 2801; x_wconf 87' lang='lat' dir='ltr'>princi·</span> 
     </span>
     <span class='ocr_line' id='line_1_22' title="bbox 259 2828 535 2915; baseline 0.007 -23"><span class='ocrx_word' id='word_1_171' title='bbox 259 2828 367 2915; x_wconf 89' lang='lat' dir='ltr'>paliter</span> <span class='ocrx_word' id='word_1_172' title='bbox 388 2841 535 2894; x_wconf 86' lang='lat' dir='ltr'>tenentur.</span> 
     </span>
     <span class='ocr_line' id='line_1_23' title="bbox 251 2939 1274 3033; baseline -0.002 -23"><span class='ocrx_word' id='word_1_173' title='bbox 251 2939 255 2948; x_wconf 59' lang='lat'><strong>¹</strong></span> <span class='ocrx_word' id='word_1_174' title='bbox 325 2945 405 3010; x_wconf 86' lang='lat' dir='ltr'>Haec</span> <span class='ocrx_word' id='word_1_175' title='bbox 428 2944 463 3010; x_wconf 87' lang='lat' dir='ltr'>dc</span> <span class='ocrx_word' id='word_1_176' title='bbox 481 2947 560 3032; x_wconf 83' lang='lat' dir='ltr'>juria</span> <span class='ocrx_word' id='word_1_177' title='bbox 586 2947 696 3033; x_wconf 85' lang='lat' dir='ltr'>rigore.</span> <span class='ocrx_word' id='word_1_178' title='bbox 742 2943 841 3028; x_wconf 81' lang='lat' dir='ltr'>Quare</span> <span class='ocrx_word' id='word_1_179' title='bbox 864 2947 972 3022; x_wconf 89' lang='lat' dir='ltr'>omnia,</span> <span class='ocrx_word' id='word_1_180' title='bbox 997 2943 1132 3032; x_wconf 86' lang='lat' dir='ltr'>quaeda</span> <span class='ocrx_word' id='word_1_181' title='bbox 1158 2945 1274 3009; x_wconf 91' lang='lat' dir='ltr'>actione</span> 
     </span>
     <span class='ocr_line' id='line_1_24' title="bbox 259 3059 1274 3149; baseline -0.002 -25"><span class='ocrx_word' id='word_1_182' title='bbox 259 3060 389 3126; x_wconf 91' lang='lat' dir='ltr'>mandati</span> <span class='ocrx_word' id='word_1_183' title='bbox 424 3064 586 3149; x_wconf 89' lang='lat' dir='ltr'>ceterisque</span> <span class='ocrx_word' id='word_1_184' title='bbox 620 3074 741 3127; x_wconf 84' lang='lat' dir='ltr'>mutuae</span> <span class='ocrx_word' id='word_1_185' title='bbox 771 3062 835 3147; x_wconf 89' lang='lat' dir='ltr'>ejus</span> <span class='ocrx_word' id='word_1_186' title='bbox 868 3059 1069 3146; x_wconf 84' lang='lat' dir='ltr'>fidejussionis</span> <span class='ocrx_word' id='word_1_187' title='bbox 1102 3080 1274 3125; x_wconf 86' lang='lat' dir='ltr'>correorum</span> 
     </span>
     <span class='ocr_line' id='line_1_25' title="bbox 260 3175 1273 3263; baseline -0.001 -24"><span class='ocrx_word' id='word_1_188' title='bbox 260 3175 411 3241; x_wconf 84' lang='lat' dir='ltr'>effectibus</span> <span class='ocrx_word' id='word_1_189' title='bbox 429 3177 516 3242; x_wconf 90' lang='lat' dir='ltr'>allata</span> <span class='ocrx_word' id='word_1_190' title='bbox 539 3189 619 3253; x_wconf 89' lang='lat' dir='ltr'>sunt,</span> <span class='ocrx_word' id='word_1_191' title='bbox 643 3197 768 3263; x_wconf 86' lang='lat' dir='ltr'>prorsus</span> <span class='ocrx_word' id='word_1_192' title='bbox 783 3188 992 3242; x_wconf 85' lang='lat' dir='ltr'>removeantur</span> <span class='ocrx_word' id='word_1_193' title='bbox 1008 3188 1137 3263; x_wconf 87' lang='lat' dir='ltr'>oportet.</span> <span class='ocrx_word' id='word_1_194' title='bbox 1161 3175 1273 3240; x_wconf 90' lang='lat' dir='ltr'>Verum</span> 
     </span>
     <span class='ocr_line' id='line_1_26' title="bbox 261 3289 1273 3379; baseline 0.001 -25"><span class='ocrx_word' id='word_1_195' title='bbox 261 3290 344 3376; x_wconf 92' lang='lat' dir='ltr'>quod</span> <span class='ocrx_word' id='word_1_196' title='bbox 372 3290 408 3353; x_wconf 91' lang='lat' dir='ltr'>ad</span> <span class='ocrx_word' id='word_1_197' title='bbox 436 3290 514 3355; x_wconf 87' lang='lat' dir='ltr'>Nor.</span> <span class='ocrx_word' id='word_1_198' title='bbox 537 3289 579 3356; x_wconf 85' lang='grc'>99</span> <span class='ocrx_word' id='word_1_199' title='bbox 608 3291 857 3378; x_wconf 89' lang='lat' dir='ltr'>interpretandam</span> <span class='ocrx_word' id='word_1_200' title='bbox 884 3295 1025 3379; x_wconf 89' lang='lat' dir='ltr'>pertinet,</span> <span class='ocrx_word' id='word_1_201' title='bbox 1054 3313 1101 3356; x_wconf 85' lang='lat' dir='ltr'>res</span> <span class='ocrx_word' id='word_1_202' title='bbox 1130 3291 1215 3356; x_wconf 90' lang='lat' dir='ltr'>aliter</span> <span class='ocrx_word' id='word_1_203' title='bbox 1242 3312 1273 3355; x_wconf 89' lang='lat' dir='ltr'>se</span> 
     </span>
     <span class='ocr_line' id='line_1_27' title="bbox 259 3402 1275 3494; baseline 0.002 -26"><span class='ocrx_word' id='word_1_204' title='bbox 259 3402 364 3481; x_wconf 89' lang='lat' dir='ltr'>habet,</span> <span class='ocrx_word' id='word_1_205' title='bbox 390 3426 470 3482; x_wconf 89' lang='lat' dir='ltr'>oum,</span> <span class='ocrx_word' id='word_1_206' title='bbox 496 3405 579 3492; x_wconf 91' lang='lat' dir='ltr'>quod</span> <span class='ocrx_word' id='word_1_207' title='bbox 597 3407 813 3493; x_wconf 87' lang='lat' dir='ltr'>jurisconsulto</span> <span class='ocrx_word' id='word_1_208' title='bbox 834 3420 864 3473; x_wconf 90' lang='lat' dir='ltr'>et</span> <span class='ocrx_word' id='word_1_209' title='bbox 880 3407 976 3493; x_wconf 88' lang='lat' dir='ltr'>judici</span> <span class='ocrx_word' id='word_1_210' title='bbox 999 3420 1127 3473; x_wconf 88' lang='lat' dir='ltr'>statuere</span> <span class='ocrx_word' id='word_1_211' title='bbox 1149 3409 1275 3494; x_wconf 86' lang='lat' dir='ltr'>permis·</span> 
     </span>
     <span class='ocr_line' id='line_1_28' title="bbox 260 3522 1275 3610; baseline 0.003 -27"><span class='ocrx_word' id='word_1_212' title='bbox 260 3540 327 3584; x_wconf 89' lang='lat' dir='ltr'>sum</span> <span class='ocrx_word' id='word_1_213' title='bbox 349 3534 493 3599; x_wconf 91' lang='lat' dir='ltr'>nonest,</span> <span class='ocrx_word' id='word_1_214' title='bbox 524 3544 620 3586; x_wconf 82' lang='lat' dir='ltr'>cauca</span> <span class='ocrx_word' id='word_1_215' title='bbox 649 3545 712 3587; x_wconf 79' lang='lat' dir='ltr'>eoae</span> <span class='ocrx_word' id='word_1_216' title='bbox 734 3525 875 3610; x_wconf 78' lang='lat' dir='ltr'>potuerit</span> <span class='ocrx_word' id='word_1_217' title='bbox 903 3523 1085 3610; x_wconf 70' lang='lat' dir='ltr'>leye&#39;alctora&#39;,</span> <span class='ocrx_word' id='word_1_218' title='bbox 1114 3532 1149 3588; x_wconf 81' lang='lat' dir='ltr'>ut</span> <span class='ocrx_word' id='word_1_219' title='bbox 1176 3522 1275 3608; x_wconf 73' lang='lat' dir='ltr'>leyem</span> 
     </span>
    </p>
   </div>
   <div class='ocr_carea' id='block_1_3' title="bbox 259 3719 1277 4089">
    <p class='ocr_par' dir='ltr' id='par_1_3' title="bbox 313 3719 652 3794">
     <span class='ocr_line' id='line_1_29' title="bbox 313 3719 652 3794; baseline 0.012 -21"><span class='ocrx_word' id='word_1_220' title='bbox 313 3719 347 3788; x_wconf 81' lang='lat'>²¹)</span> <span class='ocrx_word' id='word_1_221' title='bbox 372 3719 481 3794; x_wconf 85' lang='lat' dir='ltr'>Savigny</span> <span class='ocrx_word' id='word_1_222' title='bbox 497 3719 544 3775; x_wconf 82' lang='lat' dir='ltr'>ll.</span> <span class='ocrx_word' id='word_1_223' title='bbox 562 3730 614 3777; x_wconf 93' lang='lat' dir='ltr'>not.</span> <span class='ocrx_word' id='word_1_224' title='bbox 627 3723 652 3777; x_wconf 87' lang='lat' dir='ltr'>d.</span> 
     </span>
    </p>

    <p class='ocr_par' dir='ltr' id='par_1_4' title="bbox 259 3816 1277 4089">
     <span class='ocr_line' id='line_1_30' title="bbox 312 3816 1277 3894; baseline 0.004 -24"><span class='ocrx_word' id='word_1_225' title='bbox 312 3816 347 3885; x_wconf 76' lang='lat'>²²)</span> <span class='ocrx_word' id='word_1_226' title='bbox 371 3817 480 3890; x_wconf 80' lang='lat' dir='ltr'>savigny</span> <span class='ocrx_word' id='word_1_227' title='bbox 496 3817 542 3871; x_wconf 90' lang='lat' dir='ltr'>l.l.</span> <span class='ocrx_word' id='word_1_228' title='bbox 560 3829 646 3874; x_wconf 82' lang='lat' dir='ltr'>note.</span> <span class='ocrx_word' id='word_1_229' title='bbox 670 3837 753 3875; x_wconf 86' lang='lat' dir='ltr'>casum</span> <span class='ocrx_word' id='word_1_230' title='bbox 776 3830 928 3894; x_wconf 82' lang='lat' dir='ltr'>postremum</span> <span class='ocrx_word' id='word_1_231' title='bbox 950 3821 979 3875; x_wconf 90' lang='lat' dir='ltr'>ad</span> <span class='ocrx_word' id='word_1_232' title='bbox 998 3820 1042 3892; x_wconf 84' lang='lat' dir='ltr'>jus</span> <span class='ocrx_word' id='word_1_233' title='bbox 1060 3820 1202 3876; x_wconf 87' lang='lat' dir='ltr'>Romanum</span> <span class='ocrx_word' id='word_1_234' title='bbox 1223 3837 1277 3888; x_wconf 74' lang='lat' dir='ltr'>non</span> 
     </span>
     <span class='ocr_line' id='line_1_31' title="bbox 260 3914 1275 3992; baseline 0.003 -23"><span class='ocrx_word' id='word_1_235' title='bbox 260 3921 365 3987; x_wconf 87' lang='lat' dir='ltr'>spectare</span> <span class='ocrx_word' id='word_1_236' title='bbox 383 3914 524 3984; x_wconf 87' lang='lat' dir='ltr'>arbitratur,</span> <span class='ocrx_word' id='word_1_237' title='bbox 548 3917 591 3973; x_wconf 90' lang='lat' dir='ltr'>aed</span> <span class='ocrx_word' id='word_1_238' title='bbox 611 3919 702 3973; x_wconf 83' lang='lat' dir='ltr'>frustra</span> <span class='ocrx_word' id='word_1_239' title='bbox 719 3920 789 3973; x_wconf 85' lang='lat' dir='ltr'>nisus</span> <span class='ocrx_word' id='word_1_240' title='bbox 808 3927 845 3972; x_wconf 84' lang='lat' dir='ltr'>est</span> <span class='ocrx_word' id='word_1_241' title='bbox 862 3928 945 3973; x_wconf 80' lang='lat' dir='ltr'>contm</span> <span class='ocrx_word' id='word_1_242' title='bbox 962 3917 1096 3992; x_wconf 81' lang='lat' dir='ltr'>fragmenta</span> <span class='ocrx_word' id='word_1_243' title='bbox 1109 3917 1275 3990; x_wconf 75' lang='lat' dir='ltr'>jurisconsul-</span> 
     </span>
     <span class='ocr_line' id='line_1_32' title="bbox 259 4015 931 4089; baseline 0.007 -24"><span class='ocrx_word' id='word_1_244' title='bbox 259 4021 341 4066; x_wconf 87' lang='lat' dir='ltr'>torum</span> <span class='ocrx_word' id='word_1_245' title='bbox 360 4021 384 4068; x_wconf 92' lang='lat' dir='ltr'>et</span> <span class='ocrx_word' id='word_1_246' title='bbox 402 4017 586 4072; x_wconf 85' lang='lat' dir='ltr'>constitutiones</span> <span class='ocrx_word' id='word_1_247' title='bbox 605 4017 752 4089; x_wconf 87' lang='lat' dir='ltr'>Principum.</span> <span class='ocrx_word' id='word_1_248' title='bbox 778 4016 843 4072; x_wconf 88' lang='lat' dir='ltr'>Vide</span> <span class='ocrx_word' id='word_1_249' title='bbox 862 4015 931 4088; x_wconf 68' lang='lat'>526.</span> 
     </span>
    </p>
   </div>
   <div class='ocr_carea' id='block_1_4' title="bbox 0 0 1474 4554">
    <p class='ocr_par' dir='ltr' id='par_1_5' title="bbox 0 0 1474 4554">
     <span class='ocr_line' id='line_1_33' title="bbox 0 0 1474 4554; baseline 0 0"><span class='ocrx_word' id='word_1_250' title='bbox 0 0 1474 4554; x_wconf 95' lang='lat' dir='ltr'> </span> 
     </span>
    </p>
   </div>
  </div>
 </body>
</html>
