2952 4556
750 315 793 386 66

692 407 853 420 -ιι-

329 496 369 564 V.
404 497 555 564 lulianum
577 499 780 564 testimonium
803 501 964 564 sententiae
987 495 1185 588 Savigniaoae
1208 521 1280 568 con·

263 615 386 680 trarinm
409 614 504 692 cdere,
528 613 585 679 alio
609 605 716 697 loco¹⁹l
741 613 942 682 ostendemus.

330 729 413 815 Quae
442 752 509 796 cum
538 733 580 796 ita
610 734 686 808 sint,
716 734 877 798 sententiae
899 731 1064 798 Haloandri
1091 744 1122 799 et
1144 730 1278 820 Sarignii
1384 749 1388 754 '

263 868 380 912 omnem
402 845 543 913 Novellac
571 849 716 912 rationem
745 847 884 936 expedire
912 870 974 914 non
1001 849 1141 915 videntur
1163 861 1193 914 et
1214 851 1278 938 ipso

263 961 398 1052 Savigny
421 963 593 1041 confitetur,
623 966 790 1051 negotium,
822 964 913 1051 quod·
927 985 982 1052 per
1003 961 1158 1029 Novellam
1181 963 1278 1030 deter-

261 1082 367 1146 minari
389 1091 484 1170 putet,
508 1078 590 1144 baud
613 1081 711 1168 magni
733 1083 875 1144 momenti
897 1101 972 1144 csse.
1011 1078 1156 1167 Equidem
1179 1093 1277 1145 autem

262 1194 294 1260 id
320 1217 357 1260 ne
386 1197 462 1260 tanti
489 1195 607 1284 quidem
639 1194 733 1262 lacere
765 1216 904 1283 possum,
939 1207 974 1261 nt
1000 1217 1080 1262 nova
1107 1195 1275 1262 iustiniano

262 1311 476 1378 constitutione
499 1311 622 1402 dignum
638 1293 734 1378 lisum
750 1315 798 1389 sit,
810 1351 812 1356 ·
823 1324 853 1377 et
868 1311 951 1401 qnod
967 1309 1102 1400 Savigoy
1121 1333 1277 1400 argumen-

261 1441 326 1494 tum
361 1427 433 1494 »der
460 1432 572 1517 positiv
600 1426 819 1517 eingreilenden
849 1427 1096 1517 Gesetzgebung«
1129 1426 1274 1505 adhibuit,

262 1547 333 1610 satis
358 1544 549 1622 demonstrat,
573 1546 671 1631 ipsum
694 1547 882 1633 interpretem
906 1545 1104 1634 confugisse,
1129 1542 1277 1610 sufficien-

261 1675 320 1728 tem
342 1683 380 1728 ex
404 1683 460 1728 sua
481 1663 626 1726 sententia
648 1663 792 1726 rationem
807 1659 948 1727 Novellac
969 1682 1029 1726 non
1045 1663 1150 1726 inesse.
1186 1659 1277 1745 Quod

262 1792 359 1846 autem
375 1778 414 1844 ad
429 1777 633 1866 explicandam
648 1777 915 1866 expoliendamque
929 1777 1086 1865 Papiniani
1103 1780 1275 1843 sententiam

260 1899 397 1984 pertinet,
421 1916 477 1983 pro
502 1908 581 1960 certo
605 1894 758 1972 babemus,
777 1894 1035 1981 jurisconsultum,
1060 1895 1085 1958 sl
1104 1892 1274 1958 iustiniano

261 2011 392 2099 aequalis
419 2010 526 2076 luisset
554 2022 584 2076 et
610 2009 784 2076 beneficium
813 2014 965 2100 cognitum
992 2009 1148 2076 habuisset
1169 2031 1276 2077 excus-

261 2130 369 2206 sionis,
402 2127 460 2192 clia
488 2147 703 2218 responsurum
732 2124 839 2208 luisse,
875 2149 964 2216 quam
993 2149 1069 2216 quae
1098 2147 1154 2193 sua
1180 2138 1274 2192 aetate

262 2247 369 2312 sentire
391 2246 533 2333 potnerit.

725 2420 813 2506 elo.

305 2553 356 2624 IV.
397 2555 495 2640 Quae
523 2556 561 2621 in
591 2559 791 2621 sententiis
827 2555 870 2622 ad
904 2577 1076 2622 summam
1109 2557 1230 2620 inter·

305 2674 539 2762 pretationis
567 2671 791 2737 Burchardii
820 2671 1069 2739 redeuntibus
1100 2691 1229 2758 repre·

305 2788 502 2856 hendendo
525 2790 617 2866 sint,
642 2789 867 2877 explicatur.
894 2826 931 2838 -
960 2786 989 2854 l.
1014 2786 1113 2871 Quae
1136 2785 1229 2851 Bur·

350 2906 506 2972 chardlo
530 2918 566 2971 ct
588 2903 624 2971 G.
647 2903 683 2970 Ε.
708 2902 919 2971 Schmidtio
943 2903 1182 2990 placuerunt.

325 3060 348 3125 l.
385 3057 567 3136 Burchardi,
600 3058 685 3146 cujus
709 3059 878 3144 opinionem
907 3077 999 3144 supra
1007 3048 1030 3139 ¹)
1053 3053 1271 3141 descripsimus,

137 3207 140 3212 ·
259 3179 290 3241 in
313 3175 393 3241 hune
416 3174 475 3241 lere
500 3173 621 3240 modum
644 3165 884 3255 ratiocinatur²):

328 3288 567 3377 Obligationum,
593 3309 668 3376 quae
691 3289 784 3375 pactis
807 3286 846 3352 ad
868 3285 968 3353 debita
990 3290 1157 3353 communia
1178 3289 1273 3374 respi-

260 3403 405 3471 cientibus
420 3415 592 3480 nascuntur,
616 3414 676 3468 tres
692 3406 804 3491 species
820 3416 905 3470 sunt:
929 3403 1077 3470 debitores
1096 3403 1204 3493 singuli
1221 3416 1274 3469 aut

259 3543 315 3608 pro
339 3533 423 3609 parte
447 3519 532 3598 virili,
558 3532 610 3585 aut
631 3533 782 3608 tamquam
798 3523 891 3587 correi
906 3524 938 3586 in
953 3519 1091 3598 solidum,
1115 3531 1168 3585 aut
1190 3521 1273 3607 prin·

260 3637 393 3726 cipaliter
415 3659 472 3724 pro
495 3649 579 3723 parte
602 3636 689 3715 virili,
712 3640 744 3702 in
766 3636 934 3704 subsidium
950 3649 1047 3702 autem
1063 3658 1120 3724 pro
1136 3634 1272 3724 partibus

260 3766 424 3821 ceterorum
446 3752 638 3840 fidejussores
661 3756 758 3820 mutui
781 3752 906 3840 obligari
927 3764 1067 3841 possunt.
1101 3749 1160 3818 Ubi
1181 3753 1273 3840 igitur

313 3910 346 3976 ¹⁹)
370 3909 419 3965 cfr.
437 3908 508 3980 533.

313 3997 334 4068 ²)
358 3997 407 4053 cn.
426 3997 479 4068 58.
507 4028 541 4040 —
569 3996 591 4067 ¹)
613 3997 748 4054 burchardi
764 3995 839 4054 Asel.
857 4014 882 4069 p.
895 3996 947 4052 545
959 4013 1015 4070 sqq.
