2936 4554
670 263 830 368 „qoo-

313 443 344 510 5.
371 439 556 538 indicativus
585 458 645 510 tam
674 446 726 508 »in
753 443 895 509 relatiren
923 441 1262 531 Bedmpocpootzenp

246 537 395 652 quam'in
412 563 575 627 »relativen
596 561 951 647 Bestimmuopssdtzeo«
976 554 1155 643 occurritu).

312 675 346 741 Si
369 681 437 764 quis
453 677 629 771 arbitretur,
645 677 855 762 Imperatorem
871 675 999 742 edictum
1015 675 1202 764 praecedens,
1227 690 1264 742 ut

247 791 389 869 creditor,
417 797 443 858 si
464 793 570 887 reliqui
593 790 737 856 solvendo
762 812 795 856 ac
818 803 988 879 praesentes
1011 795 1081 869 sint,
1105 814 1166 856 non
1190 813 1264 856 con·

245 919 293 972 tra
321 881 414 972 unum
441 921 573 989 tantum,
602 907 654 972 scd
683 910 769 972 etiam
800 919 903 972 contra
932 907 999 971 illos
1029 927 1115 994 agere
1145 905 1260 984 debeat,

245 1018 388 1112 periodo,
416 1042 475 1111 qua
499 1021 534 1088 de
557 1025 686 1110 agimus,
711 1021 833 1088 uberius
857 1021 1004 1109 explicare
1026 1023 1171 1100 voluisse,
1200 1036 1262 1088 mm

247 1135 331 1226 quod
353 1136 392 1202 ad
407 1137 601 1214 conditiones,
626 1159 714 1225 quam
730 1136 814 1226 quod
835 1136 873 1202 ad
894 1135 1106 1234 dispositiones
1123 1142 1261 1225 pertinet,

246 1251 278 1318 id
309 1249 437 1318 refutare
470 1275 532 1318 non
564 1275 728 1342 possumus
759 1236 1013 1330 demonstrantes,
1049 1241 1261 1340 dispositiones

247 1365 441 1456 (portentum
463 1342 551 1434 rell«¹
565 1381 595 1434 et
618 1371 726 1434 »etiam
750 1367 955 1456 unusquilibet
972 1366 1063 1449 rell«)
1080 1353 1262 1455 aptioribus

247 1483 417 1550 abhorrere.
450 1483 574 1549 Etiamsi
590 1488 668 1549 enirn
683 1495 769 1550 octor
783 1504 879 1571 neque
896 1505 997 1548 omnes
1013 1505 1091 1561 reos,
1114 1495 1148 1548 ut
1162 1477 1262 1570 partes

247 1599 379 1676 solvant,
409 1577 505 1687 neque
529 1621 620 1664 unum
644 1621 764 1677 eorum,
790 1612 824 1665 ut
846 1611 944 1664 totum
967 1597 1099 1664 debitum
1121 1610 1262 1687 praestet,

248 1736 352 1802 cogere
375 1718 486 1803 possit,
511 1713 721 1802 dispositiones
743 1717 836 1803 igitur
858 1714 922 1779 illae
947 1718 1040 1802 magis
1063 1713 1102 1779 ad
1124 1715 1264 1780 condem-

247 1833 396 1895 nationem
426 1829 552 1915 judicis,
590 1851 679 1917 quam
711 1829 750 1894 ad
778 1832 950 1918 petitionem
981 1833 1090 1896 actoris
1117 1833 1263 1917 respicere

247 1945 420 2022 rideantur,
449 1959 548 2012 tamen
574 1967 638 2010 non
666 1945 740 2011 adeo
770 1957 867 2010 certus
890 1944 1050 2011 verborum
1078 1967 1183 2012 sensus
1207 1958 1262 2024 est,

247 2074 283 2127 ut
310 2062 357 2126 his
385 2083 440 2148 per
468 2084 499 2126 se
529 2060 624 2126 allatis
651 2061 730 2125 illam
759 2063 928 2149 opinionem
957 2062 1076 2146 rejicere
1100 2065 1262 2149 possimus,

247 2199 344 2265 neque
373 2177 498 2243 eundem
525 2181 556 2242 in
578 2177 665 2242 finem
689 2177 807 2265 regulae
829 2179 1036 2264 grammaticae
1058 2181 1169 2242 assumi
1192 2197 1265 2264 pos·

243 2305 334 2377 sunt,
347 2315 428 2396 ‘eum
451 2293 614 2380 Imperator
643 2313 759 2380 semper
779 2291 880 2358 Modis
903 2291 1071 2357 Praesentis
1101 2287 1264 2374 (dmiccc-

250 2403 362 2472 o'boo-
377 2415 494 2492 perpetu
508 2445 526 2456 -
542 2405 742 2472 κινδυνεύειν
756 2445 773 2454 -
787 2409 931 2486 γινέσθω
947 2444 966 2457 -
981 2405 1167 2491 ἐνέχεσθαι)
1190 2429 1263 2472 ιιειιε

249 2527 297 2589 sit.
331 2523 449 2587 Rursus
473 2535 580 2598 autem,
605 2543 671 2586 oum
694 2521 859 2588 Infinitivus
882 2523 1060 2620 Praesentis,
1085 2523 1130 2616 ad·
1146 2536 1263 2608 tempus
1291 2573 1301 2604 ⁸.

248 2637 382 2704 futurum
398 2650 544 2724 spectans,
564 2651 675 2704 certum
690 2650 808 2725 tempus
823 2660 885 2705 non
901 2637 1055 2728 significet,
1079 2639 1160 2722 nulla
1176 2623 1280 2704 caus'a¹

248 2754 345 2831 adest,
378 2777 437 2843 qua
459 2753 669 2844 prohibeatur,
699 2758 877 2842 quominus,
902 2758 927 2820 si
951 2756 1068 2821 diversa
1091 2767 1225 2850 tempora
1248 2775 1264 2820 e

248 2869 507 2959 propositionibus
530 2872 657 2938 derivari
679 2874 813 2959 possint,
836 2871 1002 2937 lulinitivos
1025 2893 1146 2960 quoque
1169 2871 1208 2936 ad
1230 2893 1264 2936 en

247 2991 394 3074 pertinere
415 3010 506 3074 posse
530 2986 671 3052 dicamus.

317 3101 432 3185 Quodsi
443 3103 618 3190 Imperator:
632 3109 768 3186 »χωρετν
780 3147 788 3165 .
801 3147 809 3164 .
821 3096 904 3166 κατὰ
915 3101 980 3167 τῶν
992 3095 1189 3180 ὑπολοίπων,
1199 3104 1265 3183 εἴγε

248 3221 303 3280 καὶ
325 3212 661 3301 circumcessorem
682 3221 737 3281 καὶ
759 3215 951 3302 ἓνδημοῦσιε
977 3221 1110 3305 scripsit,
1140 3231 1169 3283 et
1191 3219 1265 3282 hacc

249 3333 450 3419 explicaturus
475 3337 621 3420 perrexit:
650 3337 726 3396 »καὶ
749 3332 779 3396 εἰ
799 3331 893 3400 τοῦτο
916 3331 1016 3409 οὕτως
1038 3330 1114 3414 ἔχον
1137 3336 1265 3419 φανείη,

249 3446 279 3510 sl
299 3450 358 3529 μὲν
381 3441 524 3529 εὐπόρως
539 3444 647 3527 ἔχουσι
662 3451 717 3511 καὶ
733 3447 891 3532 πείροντες
906 3448 1067 3530 εύχοιενε,
1091 3463 1155 3515 tum
1180 3453 1205 3513 si
1227 3448 1264 3514 dc
1328 3445 1334 3454 ⁴

249 3565 364 3626 actione
380 3561 561 3626 instituenda
576 3563 674 3628 adhuc
689 3577 798 3652 ageret,
810 3566 879 3650 jam
894 3587 990 3652 nuper
1005 3565 1143 3642 vidimus,
1161 3561 1263 3632 rocem

249 3678 430 3764 φαίνεσθαι
453 3699 519 3741 cum
541 3677 701 3766 Participio
726 3681 912 3768 conjunctam
935 3680 967 3744 id
984 3680 1156 3757 excludere,
1181 3679 1265 3766 quod

249 3792 331 3880 apud
354 3793 543 3870 creditorem,
567 3816 605 3857 an
628 3795 733 3883 reliqui
757 3799 851 3861 correi
874 3795 1018 3862 solvendo
1042 3809 1072 3862 et
1094 3807 1264 3884 praesentes

250 3903 461 3914 ...υ-ι..-

304 3947 337 4016 12)
361 3947 470 4018 Krueger
487 3946 533 4002 ll.
552 3946 566 4019 5
580 3947 622 4019 65,
636 3947 661 4004 6.
679 3949 712 4006 A,
728 3950 751 4004 l.
764 3949 790 4005 2.
803 3949 827 4004 9.
