2936 4554
644 309 804 410 -ιιιωη

220 491 434 559 »insolidum«
451 490 629 580 adjecerunt,
654 511 721 556 eum
743 491 774 554 in
794 485 915 558 nodum
932 490 1096 578 descripsit,
1120 505 1154 558 ut
1169 514 1233 557 eam

220 609 340 675 eandem
364 631 427 674 esse
451 607 587 685 declaret,
611 629 701 696 quam
723 609 846 672 notione
861 605 1021 672 vorborum
1043 601 1117 673 citt.
1133 604 1233 674 tneo-

219 721 337 791 θύνων
351 747 405 812 per
420 746 451 789 se
467 726 611 789 contineri
627 723 819 800 ostendimus,
842 725 884 787 ita
899 736 934 789 ut
948 726 978 800 ii,
1003 725 1055 812 qui
1077 724 1127 787 illa
1142 723 1233 789 verba

218 864 281 907 non
296 840 475 930 adjecerunt,
499 839 547 904 alii
563 861 627 906 csse
643 862 704 905 non
720 837 885 916 videantur,
909 861 998 926 quam
1014 843 1044 916 ii,
1063 842 1114 927 qui
1130 861 1164 904 ea
1179 839 1233 904 ad-

214 957 359 1043 jecerunt,
384 968 414 1020 et
430 955 504 1020 illud
519 955 684 1033 discrimen,
708 968 808 1020 utrum
822 953 989 1043 adjecerint,
1014 977 1114 1032 necne,
1138 959 1231 1043 magis

219 1084 383 1150 externum,
406 1093 494 1160 quam
509 1074 657 1137 internum
675 1070 877 1160 accipiendum
893 1064 973 1152 sid).
1000 1071 1119 1135 Interim
1134 1083 1231 1136 eutem

219 1199 351 1275 apparet,
376 1179 678 1264 attineoec‘veeg,
701 1190 753 1274 qui
775 1189 807 1251 in
824 1185 953 1252 solidum
969 1208 1108 1274 expresse
1130 1208 1161 1252 se
1177 1185 1233 1252 ob-

219 1303 347 1391 ligarint,
372 1325 500 1370 coarcta
513 1305 613 1376 motai
626 1303 759 1368 aolidem
781 1302 892 1368 dobere
913 1322 1075 1389 eorumque
1099 1301 1230 1368 debitum

220 1407 379 1484 commone
401 1441 474 1484 esse.

288 1528 419 1621 Supra⁶)
436 1537 615 1612 notavimus,
637 1545 820 1600 contractum
843 1535 939 1598 mutui
964 1532 1037 1597 duas
1061 1554 1164 1598 causas
1181 1534 1232 1600 de-

219 1649 309 1715 bendi
324 1650 406 1738 apud
419 1650 572 1716 Romanos
589 1649 739 1728 habuisse,
764 1671 868 1715 »reme
892 1661 921 1715 et
944 1650 1089 1726 »veta«,
1113 1649 1161 1714 vel
1175 1668 1233 1716 nu·

219 1769 409 1833 metationem
430 1770 571 1854 pecuniae
595 1779 624 1832 et
645 1765 876 1853 stipulationem.
909 1763 961 1828 Illa
975 1786 1036 1828 non
1053 1767 1176 1852 patitur,
1197 1779 1232 1832 ut

220 1905 321 1948 omnes
339 1883 496 1960 debitores,
519 1885 571 1972 qui
586 1884 780 1948 communiter
794 1882 948 1969 pecuniam
963 1894 1097 1947 mutuam
1112 1903 1231 1969 accepe-

219 2001 288 2075 rint,
311 1998 486 2065 insolidum
509 2021 540 2064 se
556 1999 630 2065 velle
644 2001 738 2064 teneri
754 1997 903 2084 adjicient,
926 1999 1015 2062 immo
1032 2019 1114 2075 vero,
1138 2018 1231 2085 quum

220 2117 345 2204 quisque
360 2138 416 2203 pro
432 2137 466 2181 ca
487 2128 572 2204 parte
588 2113 743 2182 dumtaxat
766 2112 978 2201 obstringetur,
1003 2134 1092 2201 quam
1109 2116 1229 2202 aceepit,

220 2242 249 2295 ct
265 2229 461 2318 obligationes
486 2232 672 2320 singulorum
694 2231 781 2318 plane
805 2229 946 2294 discretae
968 2241 1142 2306 nascantur,
1167 2230 1231 2295 fieri

218 2368 280 2411 non
302 2359 412 2435 potest,
436 2361 471 2414 ut
491 2347 624 2414 debitum
640 2367 794 2412 commune
810 2348 849 2411 sit
865 2344 1011 2422 omnibus,
1036 2358 1066 2411 et
1081 2344 1230 2413 debitores

218 2464 343 2528 invIccm
373 2465 446 2530 alter
472 2486 528 2552 pro
558 2465 650 2532 altero
675 2461 800 2529 obnoxii
822 2465 891 2528 sint.
929 2461 998 2528 Ideo
1022 2463 1231 2550 Imperatorem

219 2573 479 2666 astipulatiooe⁷l
497 2581 635 2647 exordiri
655 2591 784 2666 oportet.
818 2577 872 2645 Sin
895 2590 993 2644 autem
1015 2578 1075 2644 duo
1092 2579 1230 2667 pluresve

272 2807 295 2874 ⁸)
315 2805 380 2860 Vide
399 2822 461 2877 quae
479 2823 540 2860 mox
557 2806 721 2876 insequuntur
739 2811 763 2859 ct
779 2812 900 2876 praeterea
918 2804 961 2860 etr.
980 2803 1050 2875 535.

256 2895 294 2971 '⁶)
317 2903 367 2959 cfr.
386 2901 509 2974 §14,111.

273 3001 296 3069 ⁷)
318 2999 376 3054 Non
394 2999 462 3054 aolus
480 2998 594 3055 Julianus
611 2999 765 3071 Epitcmator
783 2999 836 3068 (cfr.
856 2996 927 3070 533)
946 2997 976 3052 de
994 2998 1147 3070 stipulatione
1164 3005 1230 3075 cogi-

218 3098 286 3164 tavit,
300 3096 367 3168 quod
378 3114 450 3151 voces
462 3099 514 3151 »rei
525 3097 697 3168 promittendi«
706 3127 740 3138 -
749 3099 936 3169 »promitteris«
945 3127 979 3138 -
987 3101 1184 3170 »promissores«
1196 3131 1230 3142 -

219 3197 315 3268 »agenti
333 3194 484 3266 stipulatori«
502 3193 635 3262 affirmant,
659 3195 702 3250 red
721 3203 745 3249 et
762 3196 814 3266 ipre
831 3195 975 3266 Imperator,
1002 3197 1044 3268 qui
1063 3213 1122 3251 voce
1139 3213 1231 3254 »συνε-

219 3293 358 3368 γράψαιιι
375 3310 437 3346 usur
456 3301 506 3358 est,
525 3311 599 3364 quam
616 3292 754 3348 Haloandcr
769 3301 832 3348 recte
849 3292 984 3348 transtullt:
1005 3295 1230 3366 »quemadmodum

218 3393 286 3446 Initio
306 3393 394 3463 ecripto
406 3391 607 3462 comprehensum
624 3390 692 3446 luit«
719 3391 748 3446 u.
760 3391 790 3445 E.
803 3392 943 3459 Helmbacb,
956 3392 1000 3447 Die
1012 3392 1089 3447 Lebre
1101 3412 1160 3448 vom
1172 3394 1230 3450 Cre·
1270 3391 1271 3396 ’

220 3489 305 3544 ditum.
327 3488 403 3544 1849.
422 3506 447 3560 p.
460 3487 520 3544 535.
533 3486 593 3542 536.
613 3506 666 3543 eam
685 3489 714 3544 dc
730 3487 856 3543 literarum
870 3487 1012 3564 obligatione
1025 3492 1175 3565 syngraphae
1193 3494 1230 3546 in-
1318 3558 1320 3564 Ι

218 3586 310 3660 telligit,
329 3586 373 3640 sed
390 3604 446 3640 cum
465 3603 493 3640 ea
506 3585 618 3658 obligatio
630 3588 656 3640 in
668 3588 725 3658 jure
736 3587 888 3642 luetinianeo
902 3605 976 3660 paene
989 3591 1087 3643 omnino
1101 3588 1232 3644 exoleverit
1322 3647 1325 3652 ,

220 3685 331 3752 (Puchta,
349 3683 427 3738 Instit
445 3685 492 3739 Bd.
505 3682 530 3738 3.
548 3702 572 3755 p.
588 3685 658 3752 101),
677 3691 701 3738 ct
712 3693 833 3756 praeterea
846 3688 943 3756 propria
955 3685 1030 3740 fuerit
1040 3689 1230 3759 peregrinorum,

219 3784 252 3835 ita
269 3790 299 3836 ut
315 3781 356 3836 lex
372 3790 455 3836 nostra
473 3799 505 3836 ex
517 3781 668 3836 Helmbachii
685 3783 802 3836 sentemia
819 3782 958 3856 generaliter
976 3783 1006 3837 ad
1024 3800 1108 3837 omnen
1127 3783 1230 3854 Imperio

220 3879 330 3932 Romano
354 3879 463 3933 subdito·
486 3881 602 3950 pertinere
624 3897 673 3933 non
692 3881 809 3950 potuerit,
832 3898 905 3951 porro
929 3889 1011 3934 autem
1028 3881 1160 3951 Imperator
1180 3898 1230 3934 non

220 3973 407 4033 SubstantIvum
423 3975 614 4052 »ooyypapipq
637 3977 680 4033 sed
702 3969 806 4055 »ὥσπερ
824 3979 1024 4052 σννεγράψατο·
1044 3979 1178 4050 scripserit,
1196 3979 1230 4034 ita
