<?xml version="1.0" encoding="UTF-8"?>
<!DOCTYPE html PUBLIC "-//W3C//DTD XHTML 1.0 Transitional//EN"
    "http://www.w3.org/TR/xhtml1/DTD/xhtml1-transitional.dtd">
<html xmlns="http://www.w3.org/1999/xhtml" xml:lang="en" lang="en">
 <head>
  <title>
</title>
<meta http-equiv="Content-Type" content="text/html;charset=utf-8" />
  <meta name='ocr-system' content='tesseract 3.04.00' />
  <meta name='ocr-capabilities' content='ocr_page ocr_carea ocr_par ocr_line ocrx_word'/>
</head>
<body>
  <div class='ocr_page' id='page_1' title='image "./novellajustinia00wiedgoog/novellajustinia00wiedgoog_0071.png"; bbox 0 0 2952 4556; ppageno 0'>
   <div class='ocr_carea' id='block_1_1' title="bbox 637 312 798 414">
    <p class='ocr_par' dir='ltr' id='par_1_1' title="bbox 637 312 798 414">
     <span class='ocr_line' id='line_1_1' title="bbox 637 312 798 414; baseline 0 -34"><span class='ocrx_word' id='word_1_1' title='bbox 637 312 798 414; x_wconf 44' lang='grc' dir='ltr'>ΛΞ-</span> 
     </span>
    </p>
   </div>
   <div class='ocr_carea' id='block_1_2' title="bbox 208 491 1318 1396">
    <p class='ocr_par' dir='ltr' id='par_1_2' title="bbox 208 491 1318 1396">
     <span class='ocr_line' id='line_1_2' title="bbox 211 491 1224 582; baseline 0.006 -25"><span class='ocrx_word' id='word_1_2' title='bbox 211 495 261 557; x_wconf 69' lang='lat' dir='ltr'>nin</span> <span class='ocrx_word' id='word_1_3' title='bbox 285 491 433 558; x_wconf 80' lang='lat' dir='ltr'>solidum«</span> <span class='ocrx_word' id='word_1_4' title='bbox 455 515 517 558; x_wconf 95' lang='lat' dir='ltr'>non</span> <span class='ocrx_word' id='word_1_5' title='bbox 540 491 708 580; x_wconf 85' lang='lat' dir='ltr'>adjecerint,</span> <span class='ocrx_word' id='word_1_6' title='bbox 732 495 804 557; x_wconf 88' lang='lat' dir='ltr'>novi</span> <span class='ocrx_word' id='word_1_7' title='bbox 827 492 902 582; x_wconf 91' lang='lat' dir='ltr'>quid</span> <span class='ocrx_word' id='word_1_8' title='bbox 918 517 979 558; x_wconf 90' lang='lat' dir='ltr'>non</span> <span class='ocrx_word' id='word_1_9' title='bbox 995 498 1145 573; x_wconf 88' lang='lat' dir='ltr'>constitui,</span> <span class='ocrx_word' id='word_1_10' title='bbox 1170 496 1224 563; x_wconf 91' lang='lat' dir='ltr'>sed</span> 
     </span>
     <span class='ocr_line' id='line_1_3' title="bbox 211 608 1223 697; baseline 0.005 -23"><span class='ocrx_word' id='word_1_11' title='bbox 211 629 278 674; x_wconf 89' lang='lat' dir='ltr'>eum</span> <span class='ocrx_word' id='word_1_12' title='bbox 301 629 399 673; x_wconf 91' lang='lat' dir='ltr'>casum</span> <span class='ocrx_word' id='word_1_13' title='bbox 423 608 496 674; x_wconf 76' lang='lat' dir='ltr'>»des</span> <span class='ocrx_word' id='word_1_14' title='bbox 511 609 784 697; x_wconf 88' lang='lat' dir='ltr'>Zusammenhangs</span> <span class='ocrx_word' id='word_1_15' title='bbox 800 631 905 697; x_wconf 85' lang='lat' dir='ltr'>wegen</span> <span class='ocrx_word' id='word_1_16' title='bbox 928 609 1064 676; x_wconf 92' lang='lat' dir='ltr'>undum</span> <span class='ocrx_word' id='word_1_17' title='bbox 1087 611 1144 678; x_wconf 91' lang='lat' dir='ltr'>den</span> <span class='ocrx_word' id='word_1_18' title='bbox 1166 609 1223 679; x_wconf 84' lang='lat' dir='ltr'>tol-</span> 
     </span>
     <span class='ocr_line' id='line_1_4' title="bbox 209 723 1222 813; baseline 0.006 -25"><span class='ocrx_word' id='word_1_19' title='bbox 209 723 325 813; x_wconf 90' lang='lat' dir='ltr'>genden</span> <span class='ocrx_word' id='word_1_20' title='bbox 352 723 416 789; x_wconf 82' lang='lat' dir='ltr'>Fall</span> <span class='ocrx_word' id='word_1_21' title='bbox 445 723 540 790; x_wconf 83' lang='lat' dir='ltr'><strong>durch</strong></span> <span class='ocrx_word' id='word_1_22' title='bbox 569 723 627 790; x_wconf 91' lang='lat' dir='ltr'>den</span> <span class='ocrx_word' id='word_1_23' title='bbox 651 723 815 812; x_wconf 85' lang='lat' dir='ltr'>Gegensatz</span> <span class='ocrx_word' id='word_1_24' title='bbox 845 725 929 790; x_wconf 93' lang='lat' dir='ltr'>mebr</span> <span class='ocrx_word' id='word_1_25' title='bbox 956 725 1222 794; x_wconf 79' lang='lat' dir='ltr'>hervorzuhcben«</span> 
     </span>
     <span class='ocr_line' id='line_1_5' title="bbox 210 833 1222 930; baseline 0.005 -26"><span class='ocrx_word' id='word_1_26' title='bbox 210 852 469 906; x_wconf 86' lang='lat' dir='ltr'>commemoratum</span> <span class='ocrx_word' id='word_1_27' title='bbox 493 861 557 905; x_wconf 91' lang='lat' dir='ltr'>esse</span> <span class='ocrx_word' id='word_1_28' title='bbox 580 833 747 922; x_wconf 81' lang='lat' dir='ltr'>asseruit³),</span> <span class='ocrx_word' id='word_1_29' title='bbox 771 840 841 904; x_wconf 91' lang='lat' dir='ltr'>dum</span> <span class='ocrx_word' id='word_1_30' title='bbox 862 838 1031 906; x_wconf 89' lang='lat' dir='ltr'>Haloander</span> <span class='ocrx_word' id='word_1_31' title='bbox 1044 842 1222 930; x_wconf 80' lang='lat' dir='ltr'>lmperctivo</span> 
     </span>
     <span class='ocr_line' id='line_1_6' title="bbox 210 956 1224 1046; baseline 0.003 -26"><span class='ocrx_word' id='word_1_32' title='bbox 210 977 269 1020; x_wconf 78' lang='lat' dir='ltr'>»ex</span> <span class='ocrx_word' id='word_1_33' title='bbox 291 977 386 1043; x_wconf 86' lang='lat' dir='ltr'>aequo</span> <span class='ocrx_word' id='word_1_34' title='bbox 410 959 554 1022; x_wconf 83' lang='lat' dir='ltr'><strong>actionem</strong></span> <span class='ocrx_word' id='word_1_35' title='bbox 577 959 764 1022; x_wconf 77' lang='lat' dir='ltr'><strong>sustinento«</strong></span> <span class='ocrx_word' id='word_1_36' title='bbox 779 956 987 1043; x_wconf 77' lang='lat' dir='ltr'>Imperatorem</span> <span class='ocrx_word' id='word_1_37' title='bbox 1004 957 1115 1023; x_wconf 79' lang='lat' dir='ltr'>edicere</span> <span class='ocrx_word' id='word_1_38' title='bbox 1131 960 1224 1046; x_wconf 88' lang='lat' dir='ltr'>signi·</span> 
     </span>
     <span class='ocr_line' id='line_1_7' title="bbox 208 1070 1223 1160; baseline 0.003 -23"><span class='ocrx_word' id='word_1_39' title='bbox 208 1070 316 1138; x_wconf 84' lang='lat' dir='ltr'>licerit.</span> <span class='ocrx_word' id='word_1_40' title='bbox 364 1070 511 1154; x_wconf 82' lang='lat' dir='ltr'><strong>Quoniam</strong></span> <span class='ocrx_word' id='word_1_41' title='bbox 540 1074 615 1136; x_wconf 90' lang='lat' dir='ltr'>enim</span> <span class='ocrx_word' id='word_1_42' title='bbox 645 1071 816 1136; x_wconf 87' lang='lat' dir='ltr'>Haloander</span> <span class='ocrx_word' id='word_1_43' title='bbox 843 1075 874 1135; x_wconf 95' lang='lat' dir='ltr'>in</span> <span class='ocrx_word' id='word_1_44' title='bbox 903 1075 1095 1160; x_wconf 78' lang='lat' dir='ltr'>inscriptione</span> <span class='ocrx_word' id='word_1_45' title='bbox 1117 1073 1223 1140; x_wconf 88' lang='lat' dir='ltr'>Latina</span> 
     </span>
     <span class='ocr_line' id='line_1_8' title="bbox 208 1181 1318 1277; baseline 0.005 -25"><span class='ocrx_word' id='word_1_46' title='bbox 208 1187 289 1253; x_wconf 90' lang='lat' dir='ltr'>hunc</span> <span class='ocrx_word' id='word_1_47' title='bbox 310 1209 410 1252; x_wconf 89' lang='lat' dir='ltr'>casum</span> <span class='ocrx_word' id='word_1_48' title='bbox 426 1190 547 1252; x_wconf 92' lang='lat' dir='ltr'>omnino</span> <span class='ocrx_word' id='word_1_49' title='bbox 563 1188 703 1276; x_wconf 80' lang='lat' dir='ltr'>neglexit,</span> <span class='ocrx_word' id='word_1_50' title='bbox 728 1186 968 1252; x_wconf 88' lang='lat' dir='ltr'>verisimillimum</span> <span class='ocrx_word' id='word_1_51' title='bbox 986 1181 1102 1270; x_wconf 82' lang='lat' dir='ltr'>duco‘),</span> <span class='ocrx_word' id='word_1_52' title='bbox 1126 1190 1224 1277; x_wconf 79' lang='lat' dir='ltr'>nequo</span> <span class='ocrx_word' id='word_1_53' title='bbox 1314 1229 1318 1238; x_wconf 92' lang='lat'>·</span> 
     </span>
     <span class='ocr_line' id='line_1_9' title="bbox 208 1300 1225 1396; baseline 0.004 -28"><span class='ocrx_word' id='word_1_54' title='bbox 208 1300 411 1368; x_wconf 79' lang='lat' dir='ltr'>Halosndrum</span> <span class='ocrx_word' id='word_1_55' title='bbox 445 1305 643 1379; x_wconf 85' lang='lat' dir='ltr'>existimasse,</span> <span class='ocrx_word' id='word_1_56' title='bbox 678 1300 777 1367; x_wconf 88' lang='lat' dir='ltr'>verbis</span> <span class='ocrx_word' id='word_1_57' title='bbox 809 1302 936 1368; x_wconf 86' lang='lat' dir='ltr'>laudatis</span> <span class='ocrx_word' id='word_1_58' title='bbox 971 1303 1119 1369; x_wconf 90' lang='lat' dir='ltr'>decretum</span> <span class='ocrx_word' id='word_1_59' title='bbox 1141 1327 1225 1396; x_wconf 66' lang='lat' dir='ltr'>rere</span> 
     </span>
    </p>
   </div>
   <div class='ocr_carea' id='block_1_3' title="bbox 208 1415 1318 1504">
    <p class='ocr_par' dir='ltr' id='par_1_3' title="bbox 208 1415 1318 1504">
     <span class='ocr_line' id='line_1_10' title="bbox 208 1415 1318 1504; baseline 0.005 -23"><span class='ocrx_word' id='word_1_60' title='bbox 208 1439 321 1482; x_wconf 89' lang='lat' dir='ltr'>novum</span> <span class='ocrx_word' id='word_1_61' title='bbox 349 1420 461 1494; x_wconf 90' lang='lat' dir='ltr'>inesse,</span> <span class='ocrx_word' id='word_1_62' title='bbox 491 1417 543 1482; x_wconf 90' lang='lat' dir='ltr'>sed</span> <span class='ocrx_word' id='word_1_63' title='bbox 561 1419 613 1502; x_wconf 88' lang='lat' dir='ltr'>jus</span> <span class='ocrx_word' id='word_1_64' title='bbox 635 1419 793 1504; x_wconf 89' lang='lat' dir='ltr'>pristinum</span> <span class='ocrx_word' id='word_1_65' title='bbox 816 1415 933 1480; x_wconf 64' lang='lat' dir='ltr'>Notul</span> <span class='ocrx_word' id='word_1_66' title='bbox 954 1422 1048 1504; x_wconf 90' lang='lat' dir='ltr'>repeti</span> <span class='ocrx_word' id='word_1_67' title='bbox 1070 1432 1101 1483; x_wconf 88' lang='lat' dir='ltr'>et</span> <span class='ocrx_word' id='word_1_68' title='bbox 1122 1434 1240 1486; x_wconf 63' lang='lat' dir='ltr'>custo··⁴</span> <span class='ocrx_word' id='word_1_69' title='bbox 1314 1439 1318 1446; x_wconf 90' lang='grc'><strong><em>·</em></strong></span> 
     </span>
    </p>
   </div>
   <div class='ocr_carea' id='block_1_4' title="bbox 206 1530 1223 3351">
    <p class='ocr_par' dir='ltr' id='par_1_4' title="bbox 206 1530 1223 2890">
     <span class='ocr_line' id='line_1_11' title="bbox 209 1530 1221 1619; baseline 0.004 -23"><span class='ocrx_word' id='word_1_70' title='bbox 209 1531 348 1596; x_wconf 91' lang='lat' dir='ltr'>diendum</span> <span class='ocrx_word' id='word_1_71' title='bbox 377 1530 599 1619; x_wconf 88' lang='lat' dir='ltr'>magistratibus</span> <span class='ocrx_word' id='word_1_72' title='bbox 629 1532 726 1596; x_wconf 90' lang='lat' dir='ltr'>denuo</span> <span class='ocrx_word' id='word_1_73' title='bbox 756 1530 962 1595; x_wconf 90' lang='lat' dir='ltr'>commendari.</span> <span class='ocrx_word' id='word_1_74' title='bbox 1000 1532 1045 1596; x_wconf 87' lang='lat' dir='ltr'>Ea</span> <span class='ocrx_word' id='word_1_75' title='bbox 1070 1535 1221 1600; x_wconf 86' lang='lat' dir='ltr'>antemio</span> 
     </span>
     <span class='ocr_line' id='line_1_12' title="bbox 208 1645 1222 1735; baseline 0.003 -23"><span class='ocrx_word' id='word_1_76' title='bbox 208 1667 240 1712; x_wconf 89' lang='lat' dir='ltr'>re</span> <span class='ocrx_word' id='word_1_77' title='bbox 275 1645 391 1712; x_wconf 87' lang='lat' dir='ltr'>differre</span> <span class='ocrx_word' id='word_1_78' title='bbox 421 1659 576 1712; x_wconf 92' lang='lat' dir='ltr'>auctorum</span> <span class='ocrx_word' id='word_1_79' title='bbox 606 1649 765 1711; x_wconf 89' lang='lat' dir='ltr'>sententias</span> <span class='ocrx_word' id='word_1_80' title='bbox 793 1668 850 1732; x_wconf 90' lang='lat' dir='ltr'>pro</span> <span class='ocrx_word' id='word_1_81' title='bbox 882 1657 962 1710; x_wconf 89' lang='lat' dir='ltr'>certo</span> <span class='ocrx_word' id='word_1_82' title='bbox 992 1645 1102 1725; x_wconf 82' lang='lat' dir='ltr'>habeo,</span> <span class='ocrx_word' id='word_1_83' title='bbox 1139 1647 1222 1735; x_wconf 90' lang='lat' dir='ltr'>quod</span> 
     </span>
     <span class='ocr_line' id='line_1_13' title="bbox 209 1760 1223 1859; baseline 0.002 -31"><span class='ocrx_word' id='word_1_84' title='bbox 209 1760 358 1849; x_wconf 88' lang='lat' dir='ltr'>Savigny,</span> <span class='ocrx_word' id='word_1_85' title='bbox 390 1784 427 1826; x_wconf 92' lang='lat' dir='ltr'>ne</span> <span class='ocrx_word' id='word_1_86' title='bbox 448 1761 570 1859; x_wconf 89' lang='lat' dir='ltr'>liberam</span> <span class='ocrx_word' id='word_1_87' title='bbox 600 1761 753 1828; x_wconf 81' lang='lat' dir='ltr'>creditoris</span> <span class='ocrx_word' id='word_1_88' title='bbox 783 1761 969 1839; x_wconf 87' lang='lat' dir='ltr'>electionem,</span> <span class='ocrx_word' id='word_1_89' title='bbox 999 1783 1016 1826; x_wconf 94' lang='lat' dir='ltr'>a</span> <span class='ocrx_word' id='word_1_90' title='bbox 1044 1782 1105 1848; x_wconf 86' lang='lat' dir='ltr'>quo</span> <span class='ocrx_word' id='word_1_91' title='bbox 1135 1764 1223 1830; x_wconf 84' lang='lat' dir='ltr'>vellet</span> 
     </span>
     <span class='ocr_line' id='line_1_14' title="bbox 208 1853 1222 1965; baseline 0 -21"><span class='ocrx_word' id='word_1_92' title='bbox 208 1876 336 1944; x_wconf 86' lang='lat' dir='ltr'>solidum</span> <span class='ocrx_word' id='word_1_93' title='bbox 357 1853 481 1965; x_wconf 85' lang='lat' dir='ltr'>¹petere,</span> <span class='ocrx_word' id='word_1_94' title='bbox 510 1853 627 1944; x_wconf 88' lang='lat' dir='ltr'>tolleret</span> <span class='ocrx_word' id='word_1_95' title='bbox 654 1898 746 1965; x_wconf 86' lang='lat' dir='ltr'>eaque</span> <span class='ocrx_word' id='word_1_96' title='bbox 776 1875 893 1942; x_wconf 84' lang='lat' dir='ltr'>sublata</span> <span class='ocrx_word' id='word_1_97' title='bbox 917 1877 969 1962; x_wconf 86' lang='lat' dir='ltr'>jus</span> <span class='ocrx_word' id='word_1_98' title='bbox 1000 1877 1154 1943; x_wconf 86' lang='lat' dir='ltr'>creditoris</span> <span class='ocrx_word' id='word_1_99' title='bbox 1183 1901 1222 1944; x_wconf 87' lang='lat' dir='ltr'>ex</span> 
     </span>
     <span class='ocr_line' id='line_1_15' title="bbox 209 1991 1221 2082; baseline 0.001 -24"><span class='ocrx_word' id='word_1_100' title='bbox 209 1993 390 2082; x_wconf 80' lang='lat' dir='ltr'>obligatione</span> <span class='ocrx_word' id='word_1_101' title='bbox 405 1993 527 2060; x_wconf 86' lang='lat' dir='ltr'>correali</span> <span class='ocrx_word' id='word_1_102' title='bbox 543 1993 709 2082; x_wconf 87' lang='lat' dir='ltr'>proiectum</span> <span class='ocrx_word' id='word_1_103' title='bbox 727 1993 918 2070; x_wconf 87' lang='lat' dir='ltr'>deminueret,</span> <span class='ocrx_word' id='word_1_104' title='bbox 942 2013 960 2055; x_wconf 92' lang='lat' dir='ltr'>a</span> <span class='ocrx_word' id='word_1_105' title='bbox 974 1991 1143 2059; x_wconf 88' lang='lat' dir='ltr'>Justiniano</span> <span class='ocrx_word' id='word_1_106' title='bbox 1160 2007 1221 2059; x_wconf 87' lang='lat' dir='ltr'>sta·</span> 
     </span>
     <span class='ocr_line' id='line_1_16' title="bbox 208 2106 1220 2198; baseline 0.002 -24"><span class='ocrx_word' id='word_1_107' title='bbox 208 2121 271 2174; x_wconf 90' lang='lat' dir='ltr'>tum</span> <span class='ocrx_word' id='word_1_108' title='bbox 287 2130 351 2174; x_wconf 89' lang='lat' dir='ltr'>esse</span> <span class='ocrx_word' id='word_1_109' title='bbox 367 2113 486 2198; x_wconf 82' lang='lat' dir='ltr'>accepit,</span> <span class='ocrx_word' id='word_1_110' title='bbox 503 2124 547 2188; x_wconf 91' lang='lat' dir='ltr'>ut,</span> <span class='ocrx_word' id='word_1_111' title='bbox 564 2114 590 2175; x_wconf 87' lang='lat' dir='ltr'>si</span> <span class='ocrx_word' id='word_1_112' title='bbox 605 2109 734 2176; x_wconf 83' lang='lat' dir='ltr'>creditor</span> <span class='ocrx_word' id='word_1_113' title='bbox 745 2109 783 2174; x_wconf 91' lang='lat' dir='ltr'>ab</span> <span class='ocrx_word' id='word_1_114' title='bbox 795 2129 856 2174; x_wconf 92' lang='lat' dir='ltr'>uno</span> <span class='ocrx_word' id='word_1_115' title='bbox 869 2120 966 2173; x_wconf 89' lang='lat' dir='ltr'>totum</span> <span class='ocrx_word' id='word_1_116' title='bbox 979 2106 1110 2174; x_wconf 89' lang='lat' dir='ltr'>debitum</span> <span class='ocrx_word' id='word_1_117' title='bbox 1121 2123 1220 2198; x_wconf 90' lang='lat' dir='ltr'>petere</span> 
     </span>
     <span class='ocr_line' id='line_1_17' title="bbox 208 2218 1221 2313; baseline 0.001 -23"><span class='ocrx_word' id='word_1_118' title='bbox 208 2227 353 2313; x_wconf 90' lang='lat' dir='ltr'>coeperit,</span> <span class='ocrx_word' id='word_1_119' title='bbox 389 2248 424 2291; x_wconf 92' lang='lat' dir='ltr'>eo</span> <span class='ocrx_word' id='word_1_120' title='bbox 460 2224 594 2291; x_wconf 88' lang='lat' dir='ltr'>debitore</span> <span class='ocrx_word' id='word_1_121' title='bbox 622 2218 823 2313; x_wconf 79' lang='lat' dir='ltr'>postulante⁵)</span> <span class='ocrx_word' id='word_1_122' title='bbox 855 2245 956 2288; x_wconf 89' lang='lat' dir='ltr'>omnes</span> <span class='ocrx_word' id='word_1_123' title='bbox 985 2236 1153 2310; x_wconf 87' lang='lat' dir='ltr'>praesentes</span> <span class='ocrx_word' id='word_1_124' title='bbox 1182 2225 1221 2291; x_wconf 86' lang='lat' dir='ltr'>ad</span> 
     </span>
     <span class='ocr_line' id='line_1_18' title="bbox 208 2337 1221 2427; baseline 0 -21"><span class='ocrx_word' id='word_1_125' title='bbox 208 2339 332 2406; x_wconf 88' lang='lat' dir='ltr'>eundem</span> <span class='ocrx_word' id='word_1_126' title='bbox 350 2339 480 2426; x_wconf 87' lang='lat' dir='ltr'>judicem</span> <span class='ocrx_word' id='word_1_127' title='bbox 502 2340 636 2406; x_wconf 90' lang='lat' dir='ltr'>mittendi</span> <span class='ocrx_word' id='word_1_128' title='bbox 660 2344 734 2418; x_wconf 89' lang='lat' dir='ltr'>sint,</span> <span class='ocrx_word' id='word_1_129' title='bbox 763 2343 814 2427; x_wconf 86' lang='lat' dir='ltr'>qui</span> <span class='ocrx_word' id='word_1_130' title='bbox 837 2337 1027 2405; x_wconf 82' lang='lat' dir='ltr'>facultatibus</span> <span class='ocrx_word' id='word_1_131' title='bbox 1050 2361 1152 2405; x_wconf 87' lang='lat' dir='ltr'>eorum</span> <span class='ocrx_word' id='word_1_132' title='bbox 1175 2345 1221 2406; x_wconf 93' lang='lat' dir='ltr'>in·</span> 
     </span>
     <span class='ocr_line' id='line_1_19' title="bbox 207 2455 1219 2546; baseline 0.001 -26"><span class='ocrx_word' id='word_1_133' title='bbox 207 2457 325 2543; x_wconf 85' lang='lat' dir='ltr'>quisitis</span> <span class='ocrx_word' id='word_1_134' title='bbox 340 2455 466 2522; x_wconf 89' lang='lat' dir='ltr'>idoneos</span> <span class='ocrx_word' id='word_1_135' title='bbox 481 2460 522 2522; x_wconf 89' lang='lat' dir='ltr'>ita</span> <span class='ocrx_word' id='word_1_136' title='bbox 538 2456 732 2522; x_wconf 83' lang='lat' dir='ltr'>condemnere</span> <span class='ocrx_word' id='word_1_137' title='bbox 749 2455 863 2533; x_wconf 91' lang='lat' dir='ltr'>debeat,</span> <span class='ocrx_word' id='word_1_138' title='bbox 886 2468 921 2521; x_wconf 94' lang='lat' dir='ltr'>ut</span> <span class='ocrx_word' id='word_1_139' title='bbox 942 2455 1029 2546; x_wconf 91' lang='lat' dir='ltr'>simul</span> <span class='ocrx_word' id='word_1_140' title='bbox 1046 2477 1111 2520; x_wconf 91' lang='lat' dir='ltr'>eum</span> <span class='ocrx_word' id='word_1_141' title='bbox 1128 2457 1219 2522; x_wconf 91' lang='lat' dir='ltr'>electo</span> 
     </span>
     <span class='ocr_line' id='line_1_20' title="bbox 208 2567 1220 2660; baseline -0.001 -23"><span class='ocrx_word' id='word_1_142' title='bbox 208 2570 340 2637; x_wconf 92' lang='lat' dir='ltr'>debitum</span> <span class='ocrx_word' id='word_1_143' title='bbox 363 2571 502 2637; x_wconf 90' lang='lat' dir='ltr'>creditori</span> <span class='ocrx_word' id='word_1_144' title='bbox 524 2567 682 2654; x_wconf 82' lang='lat' dir='ltr'>solrant⁶).</span> <span class='ocrx_word' id='word_1_145' title='bbox 722 2571 822 2660; x_wconf 87' lang='lat' dir='ltr'>Atque</span> <span class='ocrx_word' id='word_1_146' title='bbox 844 2575 876 2636; x_wconf 92' lang='lat' dir='ltr'>in</span> <span class='ocrx_word' id='word_1_147' title='bbox 899 2592 932 2636; x_wconf 87' lang='lat' dir='ltr'>ea</span> <span class='ocrx_word' id='word_1_148' title='bbox 954 2593 995 2648; x_wconf 91' lang='lat' dir='ltr'>re,</span> <span class='ocrx_word' id='word_1_149' title='bbox 1020 2571 1103 2658; x_wconf 90' lang='lat' dir='ltr'>quod</span> <span class='ocrx_word' id='word_1_150' title='bbox 1126 2575 1220 2637; x_wconf 87' lang='lat' dir='ltr'>correi</span> 
     </span>
     <span class='ocr_line' id='line_1_21' title="bbox 206 2686 1220 2774; baseline 0.001 -23"><span class='ocrx_word' id='word_1_151' title='bbox 206 2686 307 2752; x_wconf 91' lang='lat' dir='ltr'>idonei</span> <span class='ocrx_word' id='word_1_152' title='bbox 329 2699 428 2774; x_wconf 87' lang='lat' dir='ltr'>partes</span> <span class='ocrx_word' id='word_1_153' title='bbox 451 2709 521 2752; x_wconf 86' lang='lat' dir='ltr'>suas</span> <span class='ocrx_word' id='word_1_154' title='bbox 537 2689 651 2754; x_wconf 86' lang='lat' dir='ltr'>solvere</span> <span class='ocrx_word' id='word_1_155' title='bbox 667 2700 822 2774; x_wconf 84' lang='lat' dir='ltr'>cogantur,</span> <span class='ocrx_word' id='word_1_156' title='bbox 844 2687 1019 2753; x_wconf 89' lang='lat' dir='ltr'>beneficium</span> <span class='ocrx_word' id='word_1_157' title='bbox 1034 2689 1220 2754; x_wconf 82' lang='lat' dir='ltr'>excussionis</span> 
     </span>
     <span class='ocr_line' id='line_1_22' title="bbox 206 2801 777 2890; baseline 0.002 -25"><span class='ocrx_word' id='word_1_158' title='bbox 206 2804 339 2890; x_wconf 88' lang='lat' dir='ltr'>positum</span> <span class='ocrx_word' id='word_1_159' title='bbox 362 2825 427 2868; x_wconf 88' lang='lat' dir='ltr'>csse</span> <span class='ocrx_word' id='word_1_160' title='bbox 449 2801 583 2890; x_wconf 86' lang='lat' dir='ltr'>Savigny</span> <span class='ocrx_word' id='word_1_161' title='bbox 606 2801 777 2866; x_wconf 85' lang='lat' dir='ltr'>arbitratur.</span> 
     </span>
    </p>

    <p class='ocr_par' dir='ltr' id='par_1_5' title="bbox 206 2909 1221 3351">
     <span class='ocr_line' id='line_1_23' title="bbox 275 2909 1221 3006; baseline 0.002 -26"><span class='ocrx_word' id='word_1_162' title='bbox 275 2914 390 2998; x_wconf 82' lang='lat' dir='ltr'>Quodsi</span> <span class='ocrx_word' id='word_1_163' title='bbox 413 2911 578 3006; x_wconf 69' lang='lat' dir='ltr'>Savigny&#39;)</span> <span class='ocrx_word' id='word_1_164' title='bbox 602 2916 640 2981; x_wconf 90' lang='lat' dir='ltr'>ad</span> <span class='ocrx_word' id='word_1_165' title='bbox 662 2916 858 3002; x_wconf 85' lang='lat' dir='ltr'>Papinianum</span> <span class='ocrx_word' id='word_1_166' title='bbox 866 2909 890 2997; x_wconf 83' lang='lat'>8)</span> <span class='ocrx_word' id='word_1_167' title='bbox 913 2917 1091 3002; x_wconf 86' lang='lat' dir='ltr'>provocavit</span> <span class='ocrx_word' id='word_1_168' title='bbox 1112 2929 1142 2982; x_wconf 91' lang='lat' dir='ltr'>et</span> <span class='ocrx_word' id='word_1_169' title='bbox 1157 2915 1221 2982; x_wconf 86' lang='lat' dir='ltr'>No·</span> 
     </span>
     <span class='ocr_line' id='line_1_24' title="bbox 207 3029 1221 3118; baseline 0.002 -22"><span class='ocrx_word' id='word_1_170' title='bbox 207 3030 312 3096; x_wconf 85' lang='lat' dir='ltr'>vellam</span> <span class='ocrx_word' id='word_1_171' title='bbox 335 3043 468 3096; x_wconf 87' lang='lat' dir='ltr'>nostram</span> <span class='ocrx_word' id='word_1_172' title='bbox 491 3034 577 3096; x_wconf 76' lang='lat' dir='ltr'>»eine</span> <span class='ocrx_word' id='word_1_173' title='bbox 598 3029 798 3118; x_wconf 82' lang='lat' dir='ltr'>Fortbildung</span> <span class='ocrx_word' id='word_1_174' title='bbox 821 3029 872 3095; x_wconf 89' lang='lat' dir='ltr'>des</span> <span class='ocrx_word' id='word_1_175' title='bbox 889 3029 1065 3096; x_wconf 78' lang='lat' dir='ltr'>Gedanlrcns</span> <span class='ocrx_word' id='word_1_176' title='bbox 1087 3054 1148 3097; x_wconf 85' lang='lat' dir='ltr'>ron</span> <span class='ocrx_word' id='word_1_177' title='bbox 1162 3032 1221 3098; x_wconf 93' lang='lat' dir='ltr'>Pa·</span> 
     </span>
     <span class='ocr_line' id='line_1_25' title="bbox 206 3139 1221 3236; baseline 0.004 -24"><span class='ocrx_word' id='word_1_178' title='bbox 206 3139 358 3236; x_wconf 79' lang='lat' dir='ltr'>pinian⁹),</span> <span class='ocrx_word' id='word_1_179' title='bbox 383 3146 495 3234; x_wconf 86' lang='lat' dir='ltr'>jedoch</span> <span class='ocrx_word' id='word_1_180' title='bbox 517 3167 575 3212; x_wconf 94' lang='lat' dir='ltr'>nur</span> <span class='ocrx_word' id='word_1_181' title='bbox 598 3147 772 3212; x_wconf 89' lang='lat' dir='ltr'>vermittclst</span> <span class='ocrx_word' id='word_1_182' title='bbox 795 3145 846 3212; x_wconf 92' lang='lat' dir='ltr'>der</span> <span class='ocrx_word' id='word_1_183' title='bbox 868 3149 981 3233; x_wconf 89' lang='lat' dir='ltr'>positiv</span> <span class='ocrx_word' id='word_1_184' title='bbox 1003 3146 1221 3234; x_wconf 88' lang='lat' dir='ltr'>eingreilcnden</span> 
     </span>
     <span class='ocr_line' id='line_1_26' title="bbox 208 3261 1221 3351; baseline 0.002 -23"><span class='ocrx_word' id='word_1_185' title='bbox 208 3261 455 3351; x_wconf 80' lang='lat' dir='ltr'>Gesetzgebung«</span> <span class='ocrx_word' id='word_1_186' title='bbox 478 3283 542 3328; x_wconf 91' lang='lat' dir='ltr'>esse</span> <span class='ocrx_word' id='word_1_187' title='bbox 565 3261 725 3340; x_wconf 88' lang='lat' dir='ltr'>contendit,</span> <span class='ocrx_word' id='word_1_188' title='bbox 748 3275 808 3328; x_wconf 91' lang='lat' dir='ltr'>tam</span> <span class='ocrx_word' id='word_1_189' title='bbox 832 3285 874 3341; x_wconf 91' lang='lat' dir='ltr'>ea,</span> <span class='ocrx_word' id='word_1_190' title='bbox 899 3285 988 3351; x_wconf 88' lang='lat' dir='ltr'>quam</span> <span class='ocrx_word' id='word_1_191' title='bbox 1010 3267 1153 3330; x_wconf 87' lang='lat' dir='ltr'>sententia</span> <span class='ocrx_word' id='word_1_192' title='bbox 1170 3265 1221 3330; x_wconf 89' lang='lat' dir='ltr'>illa</span> 
     </span>
    </p>
   </div>
   <div class='ocr_carea' id='block_1_5' title="bbox 207 3377 1333 3466">
    <p class='ocr_par' dir='ltr' id='par_1_6' title="bbox 207 3377 1333 3466">
     <span class='ocr_line' id='line_1_27' title="bbox 207 3377 1333 3466; baseline 0.002 -22"><span class='ocrx_word' id='word_1_193' title='bbox 207 3392 293 3445; x_wconf 84' lang='lat' dir='ltr'>antee</span> <span class='ocrx_word' id='word_1_194' title='bbox 320 3378 494 3466; x_wconf 90' lang='lat' dir='ltr'>dijudicata,</span> <span class='ocrx_word' id='word_1_195' title='bbox 525 3400 644 3444; x_wconf 90' lang='lat' dir='ltr'>eorreos</span> <span class='ocrx_word' id='word_1_196' title='bbox 673 3377 799 3445; x_wconf 89' lang='lat' dir='ltr'>debendi</span> <span class='ocrx_word' id='word_1_197' title='bbox 826 3393 931 3446; x_wconf 89' lang='lat' dir='ltr'>mutua</span> <span class='ocrx_word' id='word_1_198' title='bbox 953 3379 1144 3466; x_wconf 86' lang='lat' dir='ltr'>fidejussione</span> <span class='ocrx_word' id='word_1_199' title='bbox 1168 3379 1220 3446; x_wconf 90' lang='lat' dir='ltr'>ad·</span> <span class='ocrx_word' id='word_1_200' title='bbox 1331 3387 1333 3392; x_wconf 84' lang='lat'>&#39;</span> 
     </span>
    </p>
   </div>
   <div class='ocr_carea' id='block_1_6' title="bbox 205 3483 1220 3585">
    <p class='ocr_par' dir='ltr' id='par_1_7' title="bbox 205 3483 1220 3585">
     <span class='ocr_line' id='line_1_28' title="bbox 205 3483 1220 3585; baseline 0.001 -23"><span class='ocrx_word' id='word_1_201' title='bbox 205 3494 300 3562; x_wconf 91' lang='lat' dir='ltr'>bibita</span> <span class='ocrx_word' id='word_1_202' title='bbox 323 3497 561 3584; x_wconf 84' lang='lat' dir='ltr'>conjunctionem</span> <span class='ocrx_word' id='word_1_203' title='bbox 584 3497 740 3561; x_wconf 87' lang='lat' dir='ltr'>arctiorem</span> <span class='ocrx_word' id='word_1_204' title='bbox 762 3498 839 3563; x_wconf 90' lang='lat' dir='ltr'>inter</span> <span class='ocrx_word' id='word_1_205' title='bbox 862 3483 896 3562; x_wconf 85' lang='lat' dir='ltr'>se</span> <span class='ocrx_word' id='word_1_206' title='bbox 917 3495 1030 3564; x_wconf 89' lang='lat' dir='ltr'>efficere</span> <span class='ocrx_word' id='word_1_207' title='bbox 1046 3496 1129 3573; x_wconf 86' lang='lat' dir='ltr'>velle,</span> <span class='ocrx_word' id='word_1_208' title='bbox 1154 3500 1220 3585; x_wconf 85' lang='lat' dir='ltr'><strong>opi·</strong></span> 
     </span>
    </p>
   </div>
   <div class='ocr_carea' id='block_1_7' title="bbox 205 3703 1219 4055">
    <p class='ocr_par' dir='ltr' id='par_1_8' title="bbox 205 3703 1219 4055">
     <span class='ocr_line' id='line_1_29' title="bbox 259 3703 1218 3780; baseline 0 -20"><span class='ocrx_word' id='word_1_209' title='bbox 259 3703 281 3772; x_wconf 79' lang='lat'>³)</span> <span class='ocrx_word' id='word_1_210' title='bbox 306 3703 415 3778; x_wconf 83' lang='lat' dir='ltr'>Savigny</span> <span class='ocrx_word' id='word_1_211' title='bbox 431 3704 477 3760; x_wconf 84' lang='lat' dir='ltr'>l.l.</span> <span class='ocrx_word' id='word_1_212' title='bbox 495 3713 546 3760; x_wconf 87' lang='lat' dir='ltr'>not.</span> <span class='ocrx_word' id='word_1_213' title='bbox 559 3708 575 3761; x_wconf 86' lang='lat' dir='ltr'>l.</span> <span class='ocrx_word' id='word_1_214' title='bbox 594 3736 628 3747; x_wconf 97' lang='lat'><em>-</em></span> <span class='ocrx_word' id='word_1_215' title='bbox 646 3706 668 3776; x_wconf 86' lang='lat'>⁴)</span> <span class='ocrx_word' id='word_1_216' title='bbox 686 3705 750 3761; x_wconf 87' lang='lat' dir='ltr'>Vide</span> <span class='ocrx_word' id='word_1_217' title='bbox 769 3703 821 3778; x_wconf 70' lang='lat'>53.</span> <span class='ocrx_word' id='word_1_218' title='bbox 840 3736 874 3747; x_wconf 97' lang='lat'><em>-</em></span> <span class='ocrx_word' id='word_1_219' title='bbox 893 3706 915 3777; x_wconf 70' lang='grc' dir='ltr'>Β)</span> <span class='ocrx_word' id='word_1_220' title='bbox 934 3703 1044 3780; x_wconf 76' lang='lat' dir='ltr'>savigny</span> <span class='ocrx_word' id='word_1_221' title='bbox 1060 3704 1105 3760; x_wconf 84' lang='lat' dir='ltr'>bl.</span> <span class='ocrx_word' id='word_1_222' title='bbox 1123 3723 1148 3778; x_wconf 87' lang='lat' dir='ltr'>p.</span> <span class='ocrx_word' id='word_1_223' title='bbox 1157 3705 1218 3762; x_wconf 81' lang='lat'><strong>284.</strong></span> 
     </span>
     <span class='ocr_line' id='line_1_30' title="bbox 206 3802 1217 3879; baseline 0.002 -23"><span class='ocrx_word' id='word_1_224' title='bbox 206 3809 258 3856; x_wconf 86' lang='lat' dir='ltr'>not.</span> <span class='ocrx_word' id='word_1_225' title='bbox 270 3821 295 3856; x_wconf 83' lang='lat' dir='ltr'>n.</span> <span class='ocrx_word' id='word_1_226' title='bbox 314 3833 348 3843; x_wconf 98' lang='lat'>-</span> <span class='ocrx_word' id='word_1_227' title='bbox 366 3803 388 3872; x_wconf 75' lang='lat'>⁶)</span> <span class='ocrx_word' id='word_1_228' title='bbox 407 3802 516 3878; x_wconf 81' lang='lat' dir='ltr'>Savigny</span> <span class='ocrx_word' id='word_1_229' title='bbox 533 3803 549 3858; x_wconf 93' lang='lat' dir='ltr'>l.</span> <span class='ocrx_word' id='word_1_230' title='bbox 562 3803 579 3858; x_wconf 92' lang='lat' dir='ltr'>l.</span> <span class='ocrx_word' id='word_1_231' title='bbox 597 3821 621 3876; x_wconf 81' lang='lat' dir='ltr'>p.</span> <span class='ocrx_word' id='word_1_232' title='bbox 634 3803 695 3860; x_wconf 79' lang='lat'><strong>284.</strong></span> <span class='ocrx_word' id='word_1_233' title='bbox 714 3834 749 3844; x_wconf 94' lang='lat'><em>-</em></span> <span class='ocrx_word' id='word_1_234' title='bbox 768 3803 789 3872; x_wconf 79' lang='lat'>⁷)</span> <span class='ocrx_word' id='word_1_235' title='bbox 809 3804 917 3879; x_wconf 84' lang='lat' dir='ltr'>Savigny</span> <span class='ocrx_word' id='word_1_236' title='bbox 934 3821 958 3876; x_wconf 81' lang='lat' dir='ltr'>p.</span> <span class='ocrx_word' id='word_1_237' title='bbox 972 3803 1033 3860; x_wconf 80' lang='lat'><strong>285.</strong></span> <span class='ocrx_word' id='word_1_238' title='bbox 1052 3834 1087 3844; x_wconf 94' lang='lat'><em>-</em></span> <span class='ocrx_word' id='word_1_239' title='bbox 1105 3804 1127 3872; x_wconf 71' lang='grc' dir='ltr'>θ)</span> <span class='ocrx_word' id='word_1_240' title='bbox 1145 3804 1174 3858; x_wconf 83' lang='lat' dir='ltr'>L.</span> <span class='ocrx_word' id='word_1_241' title='bbox 1186 3805 1217 3858; x_wconf 95' lang='lat' dir='ltr'>ll</span> 
     </span>
     <span class='ocr_line' id='line_1_31' title="bbox 205 3899 1219 3977; baseline 0.009 -25"><span class='ocrx_word' id='word_1_242' title='bbox 205 3916 244 3970; x_wconf 77' lang='lat' dir='ltr'>pr.</span> <span class='ocrx_word' id='word_1_243' title='bbox 263 3899 293 3954; x_wconf 87' lang='lat' dir='ltr'>de</span> <span class='ocrx_word' id='word_1_244' title='bbox 311 3900 369 3955; x_wconf 91' lang='lat' dir='ltr'>duo.</span> <span class='ocrx_word' id='word_1_245' title='bbox 386 3901 443 3955; x_wconf 86' lang='lat' dir='ltr'>reis.</span> <span class='ocrx_word' id='word_1_246' title='bbox 470 3931 505 3943; x_wconf 91' lang='lat'>-</span> <span class='ocrx_word' id='word_1_247' title='bbox 531 3901 553 3972; x_wconf 72' lang='grc'>9)</span> <span class='ocrx_word' id='word_1_248' title='bbox 572 3901 650 3974; x_wconf 82' lang='lat' dir='ltr'>Cujus</span> <span class='ocrx_word' id='word_1_249' title='bbox 667 3903 702 3958; x_wconf 88' lang='lat' dir='ltr'>rei</span> <span class='ocrx_word' id='word_1_250' title='bbox 719 3900 829 3977; x_wconf 84' lang='lat' dir='ltr'>exempla</span> <span class='ocrx_word' id='word_1_251' title='bbox 847 3911 953 3959; x_wconf 85' lang='lat' dir='ltr'>exstant:</span> <span class='ocrx_word' id='word_1_252' title='bbox 972 3920 993 3958; x_wconf 90' lang='lat' dir='ltr'>e.</span> <span class='ocrx_word' id='word_1_253' title='bbox 1006 3919 1030 3976; x_wconf 81' lang='lat' dir='ltr'>g.</span> <span class='ocrx_word' id='word_1_254' title='bbox 1047 3901 1076 3956; x_wconf 75' lang='lat'>11·</span> <span class='ocrx_word' id='word_1_255' title='bbox 1091 3899 1124 3955; x_wconf 89' lang='lat'>14</span> <span class='ocrx_word' id='word_1_256' title='bbox 1142 3900 1170 3957; x_wconf 77' lang='lat'>0.</span> <span class='ocrx_word' id='word_1_257' title='bbox 1188 3901 1219 3962; x_wconf 83' lang='lat' dir='ltr'>da</span> 
     </span>
     <span class='ocr_line' id='line_1_32' title="bbox 207 3995 463 4055; baseline 0.012 -5"><span class='ocrx_word' id='word_1_258' title='bbox 207 4004 267 4051; x_wconf 85' lang='lat' dir='ltr'>sent.</span> <span class='ocrx_word' id='word_1_259' title='bbox 287 4005 311 4051; x_wconf 89' lang='lat' dir='ltr'>et</span> <span class='ocrx_word' id='word_1_260' title='bbox 328 3995 463 4055; x_wconf 87' lang='lat' dir='ltr'>interlocut.</span> 
     </span>
    </p>
   </div>
   <div class='ocr_carea' id='block_1_8' title="bbox 0 0 1480 4556">
    <p class='ocr_par' dir='ltr' id='par_1_9' title="bbox 0 0 1480 4556">
     <span class='ocr_line' id='line_1_33' title="bbox 0 0 1480 4556; baseline 0 1"><span class='ocrx_word' id='word_1_261' title='bbox 0 0 1480 4556; x_wconf 95' lang='lat' dir='ltr'> </span> 
     </span>
    </p>
   </div>
  </div>
 </body>
</html>
