2952 4556
748 311 793 379 tt

728 549 815 636 §13-

401 685 447 750 111.
484 683 623 774 Opinio
646 683 1136 776 Helosudr0·Snriguisue.

332 835 510 924 Opinionem
533 835 774 912 Haioandrinam,
801 859 889 925 quarn
912 841 943 903 in
965 841 1061 926 prima
1083 839 1174 926 hujus
1198 861 1278 906 eotn-

263 955 453 1018 mentetionis
481 945 592 1039 parte¹)
620 953 707 1041 pinne
735 957 947 1039 exposuimus,
978 975 1040 1019 nun
1068 954 1133 1018 sola
1154 958 1278 1022 uotinue

265 1071 347 1134 vocis
376 1063 449 1130 ἀλλ.
469 1062 540 1142 ire,
565 1070 617 1154 qui
639 1067 810 1134 Haiosndrn
834 1072 918 1134 ‘viee
940 1081 1044 1134 mutus
1067 1068 1277 1156 fidejussores«

168 1212 171 1222 ·
262 1199 329 1248 esse
352 1183 500 1259 videntur,
529 1181 582 1247 sed
604 1183 691 1247 sirnul
714 1183 778 1247 eliis
800 1183 940 1250 Noveliue
963 1185 1099 1271 pertibus
1121 1188 1177 1250 niti
1200 1185 1278 1252 dixi-

261 1312 347 1375 tnus,
378 1319 443 1362 eurn
474 1297 644 1362 Heloanrler
672 1297 709 1362 ab
737 1298 787 1363 itta
814 1303 938 1365 notione
965 1299 1004 1364 ud
1032 1322 1095 1366 eam
1123 1323 1276 1378 sumtuum,

245 1423 361 1502 'quarn
382 1416 574 1501 inscriptione
595 1411 736 1479 Noveliae
766 1415 921 1501 amplexus
951 1426 1010 1493 est,
1040 1418 1193 1504 pervenire
1216 1439 1278 1484 uon

263 1515 410 1618 putruerit,
433 1532 490 1593 nisi
515 1550 615 1594 earurn
638 1531 782 1592 rationem
806 1527 953 1607 habuerit,
978 1543 1030 1597 ant
1050 1553 1066 1596 e
1084 1545 1191 1597 nutura
1205 1531 1278 1598 fide·

260 1642 406 1733 jussionis
430 1658 549 1710 mutuae
571 1643 818 1730 praesumendum
842 1645 1012 1722 crediderit,
1039 1645 1171 1712 debiturn
1195 1651 1278 1735 prin·

262 1762 356 1848 ripule
379 1758 606 1846 fidejussoribus
630 1781 783 1825 romrnuue
806 1759 907 1826 fuisse.
949 1761 1039 1845 Quod
1061 1785 1128 1828 eum
1150 1785 1277 1850 prorsus

264 1875 339 1942 salso
363 1879 602 1963 praesumsisset,
632 1872 705 1939 illud
733 1874 956 1962 praeferendum
986 1899 1050 1942 esse
1072 1891 1163 1966 putu,
1195 1879 1278 1965 quod

264 1992 311 2057 his
335 2011 455 2079 qunque
479 1990 578 2055 verbis
600 1993 665 2076 ipse
687 2003 792 2055 auctor
814 1994 946 2058 innuisse
969 1993 1102 2058 ridetur:

308 2105 386 2171 Nor.
409 2103 461 2172 99.
493 2104 566 2192 Cap.
587 2107 609 2170 1.
638 2127 684 2193 pr.
720 2129 802 2171 »non
831 2119 929 2172 temen
957 2111 1096 2194 protinus
1124 2107 1162 2174 nb
1190 2111 1276 2175 initio

353 2222 462 2309 singuli
485 2225 516 2286 in
540 2221 668 2288 solidum
692 2225 862 2309 exiguntor,
886 2222 938 2289 sed
960 2226 1076 2289 interim
1094 2246 1158 2311 pro
1170 2235 1275 2312 perte,

347 2360 411 2424 pro
435 2361 498 2426 qua
520 2339 648 2426 quisque
670 2347 826 2422 tensium«
850 2348 880 2403 et
901 2341 1072 2426 praecipue:

398 2453 581 2540 ‘perieulum
615 2456 751 2540 cuiquem
783 2452 901 2517 iliorum
930 2456 1096 2532 imminete,
1131 2467 1167 2520 nt
1195 2453 1278 2542 qued

396 2569 452 2633 sub
481 2567 651 2634 alternante
672 2567 877 2658 fidejussione
905 2569 1055 2634 creditum
1076 2581 1136 2646 est,
1166 2569 1197 2635 id
1219 2593 1275 2658 pro

399 2704 454 2748 sua
481 2686 607 2771 quisque
631 2693 741 2770 purte,
772 2705 810 2748 ex
840 2705 903 2770 qua
931 2685 1055 2750 omnino
1083 2697 1200 2751 tenetur
1222 2685 1277 2750 ob·

397 2801 518 2876 noxius,
542 2811 686 2886 praestet:
709 2819 805 2884 neque
824 2821 877 2863 nes
892 2799 1028 2865 eliensem
1043 2822 1201 2866 emnmune
1215 2803 1278 2888 pri·

398 2928 498 2980 vatum
522 2916 609 2980 alicui
632 2936 708 2979 onus
735 2911 904 2979 efficiatur«

332 3030 421 3115 Quod
444 3024 608 3119 Sarigny²)
632 3028 794 3096 seeundum
814 3030 1040 3110 Burrherdium,
1064 3045 1100 3098 ut
1122 3032 1278 3098 verisimile

264 3160 323 3223 est,
352 3147 443 3224 dixit,
472 3145 545 3212 ἄλλ.
568 3144 776 3222 ὑπευθύνους
799 3147 930 3233 ejusdem
958 3151 1098 3235 pecuniae
1127 3147 1277 3214 debitores

264 3283 337 3337 esse,
363 3265 500 3347 quirice
522 3275 626 3326 mutua
648 3262 839 3349 fidejussores
860 3265 970 3352 neeepti
986 3266 1054 3339 sint,
1079 3285 1112 3329 ne
1127 3275 1278 3351 praeterea

265 3375 355 3440 verbe
382 3379 432 3440 ‘in
456 3375 603 3440 solidum«
636 3376 811 3464 obligationi
829 3379 1001 3465 princepali
1022 3381 1132 3444 inserts
1155 3379 1278 3445 demon·

264 3494 361 3567 suari,
385 3491 416 3556 id
439 3513 541 3556 rerum
565 3504 594 3557 et
614 3515 705 3580 grave
728 3497 805 3559 inter
829 3493 1003 3580 Suvignium
1027 3506 1056 3560 et
1073 3495 1278 3560 Haloandrum

264 3607 420 3673 discrimen
435 3609 597 3672 existimari
612 3632 673 3674 non
689 3624 798 3698 potest,
815 3625 845 3679 et
858 3631 951 3698 neque
971 3609 1069 3676 verbis
1085 3623 1201 3677 tanturn
1217 3611 1278 3677 dis-

264 3727 372 3790 sentire
395 3723 542 3803 videntur,
567 3745 634 3791 eum
657 3725 802 3816 savigny,
826 3731 851 3792 si
873 3719 947 3793 a’tt.
964 3717 1151 3793 ὖπεύθυνοι
1173 3749 1277 3794 rorem

317 3968 338 4038 1)
361 3967 410 4024 cn.
430 3967 482 4041 53.
510 3999 544 4012 -
570 3969 593 4040 ¹)
616 3969 666 4027 cn.
685 3969 738 4044 ss.
765 3970 798 4027 v.
818 3971 927 4047 Savigny
944 3969 990 4027 tt
1008 3989 1033 4045 p.
1046 3969 1099 4028 nes
1117 3972 1169 4028 nse

1461 941 1463 1002 i

1455 2177 1463 2262 r
