2952 4556
649 279 808 380 „ae—-

225 455 442 545 overbeekiil)
465 461 580 539 iratres,
605 483 671 527 eum
686 460 870 527 Dedekiudio
887 460 923 528 G.
939 461 995 528 Pb.
1018 461 1054 528 de
1069 455 1243 548 Bnelow'⁴)

224 578 352 645 addendi
381 591 466 655 sunt,
503 580 673 666 opinionem
702 598 902 654 communem,
935 590 1038 644 contre
1060 573 1236 662 Leisner'⁵),

223 687 429 776 Hoiaclrer⁷⁶),
461 685 652 773 Gnentbern)
683 695 852 781 opinionem
874 691 1106 760 Haloaudrinam
1133 697 1237 763 ceteris

223 821 470 898 praeposuerunt.

696 1073 764 1160 se.

355 1209 533 1276 Asverus.
557 1209 806 1297 Ribbentrop.
832 1209 875 1276 de
898 1209 1109 1277 Schroeter.

292 1386 504 1455 Controversia
537 1400 641 1452 nostra
675 1399 746 1476 post
773 1384 996 1452 Pufendorfinm
1032 1409 1086 1475 per
1114 1387 1236 1476 longum

224 1517 341 1592 tempus
364 1525 457 1591 paene
473 1506 594 1568 omuino
611 1507 789 1591 conquievit.
830 1501 919 1586 Quod
935 1515 1067 1591 tempore
1081 1505 1237 1569 recentiori

223 1619 436 1686 ferventissime
458 1623 564 1684 iterum
589 1623 717 1697 exarsit,
740 1619 773 1683 id
795 1641 829 1684 eo
854 1617 987 1684 ellectum
1011 1640 1074 1682 esse
1097 1616 1235 1696 arbitror,

224 1735 322 1824 quod,
353 1748 511 1824 postquam
536 1734 682 1823 Georgius
705 1734 802 1799 Julius
826 1728 1041 1822 Ribbentrop¹)
1071 1732 1235 1811 discrimen,

224 1874 284 1939 quo
322 1849 517 1938 obligationes
545 1871 623 1915 mere
651 1849 795 1914 correales
825 1873 842 1914 a
871 1853 973 1916 ceteris
1002 1846 1236 1937 obligationibus

224 1966 372 2033 solidariis
397 1966 516 2042 distant,
545 1967 731 2052 sagacissime
755 1978 784 2030 et
806 1965 1019 2054 elegantissime
1042 1977 1109 2030 ante
1133 1966 1235 2030 oculos

223 2085 343 2170 posuit,
372 2082 527 2145 universae
550 2081 619 2145 huic
642 2083 779 2147 materiae
798 2082 964 2168 jurisperiti
985 2083 1082 2145 nostri
1105 2079 1237 2146 studium

224 2197 480 2286 diligentissimum
503 2195 718 2284 impenderunt.
755 2197 938 2285 Magnopere
958 2199 1033 2262 enim
1049 2198 1171 2262 interest
1185 2217 1238 2261 ex·

276 2378 311 2448 n)
336 2376 576 2433 Ro'mischrecbtlicbe
598 2378 816 2452 Untersuebungen
838 2395 886 2432 uon
909 2377 1035 2432 Neustetel
1057 2397 1082 2432 n.
1107 2379 1236 2432 Zimrnern.

222 2477 269 2532 Bd.
281 2476 299 2531 l.
317 2474 428 2530 Heidelb.
442 2475 518 2530 1821.
536 2493 560 2546 p.
573 2474 634 2530 274.

276 2573 310 2641 ⁷³)
333 2572 416 2626 idedit
428 2573 489 2626 iiber
500 2573 592 2627 verseh.
606 2573 810 2629 Rechtsmaterien
824 2592 847 2627 v.
860 2575 921 2628 zwei
934 2573 1068 2647 Reebtagel.
1087 2573 1235 2628 Hildeshcim

226 2669 300 2726 1789.
319 2669 364 2724 lid.
378 2669 418 2724 lll.
437 2671 470 2724 Μ.
487 2669 543 2725 135.
572 2670 622 2725 cfr.
639 2673 750 2726 Arverna
768 2689 792 2743 p.
807 2669 848 2726 18.
866 2678 916 2726 not.
929 2671 971 2725 59.

277 2767 310 2835 ⁷⁴)
332 2766 452 2822 Abbandl.
472 2768 531 2823 iiber
549 2770 608 2822 einz.
621 2769 706 2822 Mater.
722 2769 763 2822 dee
776 2775 837 2822 rb‘m.
850 2769 918 2842 biirg.
932 2769 1028 2823 Rechts.
1047 2769 1078 2823 T.
1093 2767 1121 2822 ll.
1139 2769 1236 2822 Braun-

223 2865 298 2920 sehw.
313 2863 388 2920 1818.
401 2883 425 2937 p.
437 2864 494 2920 153.
507 2874 557 2920 not
570 2867 591 2920 l.
604 2885 628 2939 p.
640 2867 698 2922 175.
715 2875 766 2920 not.
778 2867 817 2920 14.
845 2866 895 2921 911.
907 2866 1032 2921 Dedelnind
1045 2885 1067 2938 p.
1080 2866 1137 2920 174.
1150 2873 1200 2919 not
1211 2864 1236 2920 2.

275 2962 308 3032 ⁷⁵)
334 2964 365 3017 Α.
377 2963 507 3018 Leisuerus
527 2964 571 3035 (pr.
586 2963 690 3032 Zollero)
709 2965 795 3018 Exere.
804 2963 879 3035 jurid.
892 2966 936 3017 civ.
955 2963 984 3017 11
1002 2963 1079 3017 benef.
1093 2963 1162 3016 divis.
1175 2979 1235 3016 corr.

224 3061 275 3116 deb.
294 3079 343 3116 non
360 3062 460 3116 tributo.
477 3062 543 3133 Lips.
560 3061 633 3116 1772.
655 3081 677 3134 p.
691 3064 715 3116 5.
752 3062 831 3127 Quam
856 3061 954 3132 quidem
975 3060 1167 3115 dissertationem
1184 3062 1236 3131 ipse

223 3158 297 3213 semel
315 3169 339 3213 et
359 3158 435 3212 obiter
453 3166 547 3212 tantum
565 3160 673 3230 inspexi,
695 3177 737 3212 nee
755 3168 840 3230 postea
858 3177 911 3212 eam
928 3160 1032 3214 nancisci
1050 3159 1132 3230 potui,
1155 3167 1236 3211 tamen

221 3275 272 3310 nnn
290 3256 407 3322 dubitavi,
432 3273 489 3309 eum
508 3265 631 3310 auctorem
649 3256 780 3310 Haloandri
799 3266 823 3311 et
840 3255 935 3311 lionelli
952 3257 1139 3312 msectatnribus
1157 3255 1235 3310 adnu-

223 3371 326 3418 merare,
349 3352 407 3406 dum
427 3352 550 3407 Dedelrind
569 3371 592 3424 p.
608 3352 737 3407 152173.
752 3355 810 3408 179.
829 3372 886 3408 eum
905 3355 1023 3425 opinionis
1041 3352 1236 3426 Roncbegallieae

223 3451 374 3506 defensorem
391 3449 506 3504 laudavit.
534 3450 582 3505 cfr.
596 3468 670 3522 supra
688 3449 701 3519 §
715 3450 732 3504 4
745 3459 769 3504 et
780 3451 914 3506 Hofaclser:
933 3452 1035 3522 Princip.
1044 3452 1094 3522 jur.
1107 3452 1152 3504 civ.
1163 3451 1237 3504 Rom.

190 3621 192 3624 Ι
224 3550 304 3604 Germ.
319 3549 375 3604 Cur.
389 3548 444 3604 Chr.
458 3546 568 3603 Gmelini.
593 3547 749 3603 Tuumne.
773 3547 877 3618 82029.
901 3549 930 3603 ll.
943 3549 989 3603 lid.
1007 3557 1055 3603 not
1072 3568 1092 3603 c.
1128 3548 1235 3602 bucher:

223 3647 300 3702 Recht
319 3648 341 3701 d.
360 3647 541 3719 Forderungen.
560 3644 584 3698 2.
596 3645 664 3700 nun.
682 3646 764 3718 Leipz.
779 3644 854 3703 1830.
872 3664 896 3718 p.
909 3645 968 3701 399.
987 3655 1037 3701 not
1050 3645 1075 3700 4.

276 3745 311 3813 76)
334 3743 457 3800 Hefaelrer
472 3742 488 3798 l.
501 3742 517 3796 l.

276 3841 310 3910 ⁷⁷)
333 3843 411 3897 Prius.
426 3842 476 3913 jur.
495 3841 568 3896 Rom.
587 3842 678 3897 noviss.
697 3842 773 3897 denae
793 3840 978 3898 1809.Τ11.11.
998 3840 1191 3912 59141111.

276 3939 297 4010 ¹)
321 3940 369 3996 cn.
389 3939 440 4010 §4-
458 3948 509 3995 not.
523 3939 546 3994 5.
