2952 4556
695 286 741 354 84

640 375 800 386 ——un

210 488 313 533 vocem
347 461 420 532 atti.
441 457 497 531 ὖπ.
524 487 620 554 neque
651 464 689 529 ad
717 465 818 540 solam,
842 477 974 532 mutuam
1003 466 1225 553 fidejussionem

210 586 370 670 pertinere,
400 605 497 671 neque
526 581 600 656 duas
631 581 843 670 obligationes,
874 582 994 648 alteram
1022 583 1224 670 principalem,

211 699 332 765 alteram
353 701 555 777 accessorium,
580 697 724 784 amplecti,
749 699 838 763 immo
856 720 926 763 vero
951 698 1115 786 adjectione
1137 697 1225 763 solidi

211 837 301 886 unam
325 815 505 903 eandemque
521 814 731 902 obligationem
751 816 871 904 requiri.
908 813 1003 898 Quam
1019 816 1226 902 investigaturi

213 952 305 1022 quum
335 954 433 997 veram
462 930 623 996 verborum
655 926 728 994 ἄλλ.
750 922 871 996 simod.
898 933 1051 995 notionem
1087 951 1224 996 eruamus

213 1060 347 1134 oportet,
376 1061 439 1114 tum
462 1048 581 1136 regulae
603 1045 691 1112 nobis
714 1050 810 1113 mutui
834 1046 895 1112 dati
918 1045 1121 1112 observandae
1144 1057 1224 1124 sunt,

213 1165 298 1251 cujus
321 1186 461 1253 expresse
484 1166 663 1230 mentionem
687 1161 788 1230 lecerit
809 1162 1006 1236 iustinianus.

277 1280 375 1346 Porro
406 1284 478 1346 satis
505 1279 651 1368 probasse
677 1281 751 1345 rnibi
772 1280 893 1359 videor,
923 1279 1097 1346 beneficium
1119 1297 1226 1346 excus—
1289 1307 1293 1316 ·
1341 1320 1344 1326 -

213 1397 306 1462 sionis
334 1399 366 1462 in
387 1395 512 1462 Novella
536 1393 578 1462 99
606 1419 668 1462 non
698 1395 777 1474 dari,
809 1395 879 1462 dum
909 1419 947 1462 ex
970 1396 1061 1462 altera
1082 1409 1167 1484 parte
1189 1395 1226 1460 de

212 1511 385 1599 Vangerow
408 1534 475 1577 cum
497 1512 562 1577 aliis
577 1511 754 1578 adversariis
772 1513 937 1598 justissime
953 1511 1113 1591 contendit,
1136 1511 1227 1578 bene·

211 1626 311 1693 ficium
337 1626 479 1694 Novellae
506 1627 679 1694 beneficium
708 1628 863 1694 divisionis
891 1651 954 1694 non
985 1649 1059 1694 esse.
1110 1626 1227 1711 Quodsi

212 1757 310 1810 tamen
343 1743 381 1809 ad
420 1747 590 1833 opinionem
629 1767 812 1810 communem
848 1745 955 1810 accedo
990 1757 1020 1810 et
1051 1742 1228 1822 beneficium,

211 1859 363 1948 Epistolae
387 1860 448 1926 divi
464 1861 606 1926 Hadriani
629 1884 683 1949 per
700 1861 853 1928 Novellam
877 1860 997 1926 duobus
1020 1863 1078 1926 reis
1100 1862 1226 1947 promit·

212 1976 294 2042 tendi
317 1976 462 2042 tributum
486 2000 550 2042 esse
574 1976 657 2056 dico,
680 1978 821 2067 probatio
845 1979 917 2043 mihi
939 1976 1091 2055 incumbit,
1116 1975 1227 2040 benefi-

212 2095 289 2159 cium
319 2091 474 2158 divisionis
502 2093 654 2181 Epistolae
683 2094 765 2159 aliud
791 2116 870 2173 csse,
903 2115 991 2181 pam
1020 2093 1107 2182 quale
1136 2091 1226 2158 hodie

212 2211 288 2274 inter
317 2231 419 2274 omnes
448 2213 618 2297 accipiatur.
660 2207 755 2297 Cujus
783 2209 970 2297 probationis
1001 2230 1077 2274 onus
1106 2211 1137 2273 in
1166 2207 1227 2272 dis·

212 2328 372 2390 certatione
400 2329 519 2414 saepius
548 2326 669 2392 laudata
697 2348 763 2391 cum
792 2329 823 2390 in
852 2348 897 2391 me
929 2327 1123 2413 susceperim,
1153 2324 1227 2389 baec

212 2445 357 2508 sententia
388 2455 460 2508 tunc
489 2441 606 2507 demum
635 2445 666 2507 in
697 2464 799 2507 omnes
827 2455 927 2530 partes
956 2445 1028 2507 satis
1058 2444 1169 2529 percipi
1197 2453 1227 2505 et

212 2561 376 2628 examinari
395 2562 516 2647 poterit,
540 2561 566 2622 si
589 2570 618 2623 et
641 2558 690 2623 illa
713 2558 849 2624 manibus
870 2559 1014 2624 lectorum
1032 2556 1141 2622 tradita
1156 2559 1225 2634 erit3

211 2677 328 2739 interim
352 2688 458 2752 autem,
484 2695 559 2762 quac
576 2672 614 2737 ad
632 2674 709 2739 banc
727 2677 1001 2740 commentationem
1019 2685 1161 2762 spectant,
1185 2675 1227 2738 ita

213 2788 428 2875 dijudicentur,
457 2803 509 2866 ut,
538 2802 685 2876 quatenus
707 2788 806 2854 verbis
838 2803 868 2878 et
895 2789 1062 2855 rationibus
1085 2788 1226 2854 Novellae

212 2903 428 2990 respondeant,
457 2906 635 2989 inquiratur.
674 2902 749 2966 Nam
771 2902 803 2966 id
826 2917 939 2968 tantum
963 2907 1012 2970 hic
1040 2926 1138 2970 meum
1161 2907 1225 2981 erit,

213 3031 249 3083 ut
269 3018 494 3105 impedimentis,
519 3040 595 3106 quae
613 3017 755 3082 beneficio
771 3017 927 3083 divisionis
944 3019 1061 3086 obstare
1078 3020 1225 3096 videntur,

213 3133 319 3200 ablatis
342 3133 471 3200 indolem
493 3133 626 3200 beneficii
649 3134 790 3200 Novellae
813 3148 946 3200 accurate
970 3158 1128 3225 exponam.

229 3301 233 3308 .
278 3249 521 3338 impedimentum
548 3264 646 3317 autem
668 3251 809 3318 beneficio
834 3249 989 3318 divisionis
1011 3254 1228 3340 periculosissi-

212 3389 293 3434 mum
331 3389 365 3432 ea
399 3370 545 3455 prooemii
578 3370 783 3457 interpretatio
819 3380 883 3446 est,
923 3389 1013 3457 quam
1046 3368 1225 3447 Haloander,

213 3481 384 3573 Schragius,
410 3483 445 3548 de
467 3484 641 3572 Hombergls
664 3507 703 3549 zu
719 3483 812 3561 Vach,
837 3482 988 3551 Gustavus
1004 3485 1138 3550 Asverus
1155 3507 1227 3572 pro-

212 3613 388 3687 posuerunt,
413 3623 561 3689 quamque
582 3604 701 3689 penitus
725 3600 828 3666 falsam
850 3623 914 3667 csse
937 3605 968 3668 in
990 3615 1074 3690 parte
1093 3604 1227 3689 sequenti

213 3719 468 3782 commentationis
492 3715 692 3782 ostendemus.
