<?xml version="1.0" encoding="UTF-8"?>
<!DOCTYPE html PUBLIC "-//W3C//DTD XHTML 1.0 Transitional//EN"
    "http://www.w3.org/TR/xhtml1/DTD/xhtml1-transitional.dtd">
<html xmlns="http://www.w3.org/1999/xhtml" xml:lang="en" lang="en">
 <head>
  <title>
</title>
<meta http-equiv="Content-Type" content="text/html;charset=utf-8" />
  <meta name='ocr-system' content='tesseract 3.04.00' />
  <meta name='ocr-capabilities' content='ocr_page ocr_carea ocr_par ocr_line ocrx_word'/>
</head>
<body>
  <div class='ocr_page' id='page_1' title='image "./novellajustinia00wiedgoog/novellajustinia00wiedgoog_0135.png"; bbox 0 0 2936 4554; ppageno 0'>
   <div class='ocr_carea' id='block_1_1' title="bbox 622 295 783 397">
    <p class='ocr_par' dir='ltr' id='par_1_1' title="bbox 622 295 783 397">
     <span class='ocr_line' id='line_1_1' title="bbox 622 295 783 397; baseline 0 -33"><span class='ocrx_word' id='word_1_1' title='bbox 622 295 783 397; x_wconf 46' lang='lat' dir='ltr'><strong>Los-</strong></span> 
     </span>
    </p>
   </div>
   <div class='ocr_carea' id='block_1_2' title="bbox 121 457 1209 1262">
    <p class='ocr_par' dir='ltr' id='par_1_2' title="bbox 198 457 1208 680">
     <span class='ocr_line' id='line_1_2' title="bbox 198 457 1208 566; baseline 0.002 -24"><span class='ocrx_word' id='word_1_2' title='bbox 198 475 323 542; x_wconf 84' lang='lat' dir='ltr'><strong>obnoxii</strong></span> <span class='ocrx_word' id='word_1_3' title='bbox 346 457 448 558; x_wconf 82' lang='lat' dir='ltr'><strong>sint¹).</strong></span> <span class='ocrx_word' id='word_1_4' title='bbox 479 473 614 558; x_wconf 81' lang='lat' dir='ltr'><strong>Quocum</strong></span> <span class='ocrx_word' id='word_1_5' title='bbox 635 479 781 554; x_wconf 85' lang='lat' dir='ltr'><strong>convenit,</strong></span> <span class='ocrx_word' id='word_1_6' title='bbox 806 477 990 566; x_wconf 87' lang='lat' dir='ltr'><strong>quodetiam</strong></span> <span class='ocrx_word' id='word_1_7' title='bbox 1006 501 1072 544; x_wconf 86' lang='grc' dir='ltr'><strong><em>υυοι</em></strong></span> <span class='ocrx_word' id='word_1_8' title='bbox 1094 491 1208 544; x_wconf 87' lang='lat' dir='ltr'><strong>tantum</strong></span> 
     </span>
     <span class='ocr_line' id='line_1_3' title="bbox 198 591 866 680; baseline -0.001 -20"><span class='ocrx_word' id='word_1_9' title='bbox 198 595 277 660; x_wconf 78' lang='lat' dir='ltr'><strong>actio</strong></span> <span class='ocrx_word' id='word_1_10' title='bbox 296 593 397 672; x_wconf 86' lang='lat' dir='ltr'><strong>datur,</strong></span> <span class='ocrx_word' id='word_1_11' title='bbox 422 603 457 656; x_wconf 89' lang='lat' dir='ltr'><strong>ut</strong></span> <span class='ocrx_word' id='word_1_12' title='bbox 479 593 510 656; x_wconf 92' lang='lat' dir='ltr'><strong>in</strong></span> <span class='ocrx_word' id='word_1_13' title='bbox 533 594 627 678; x_wconf 87' lang='lat' dir='ltr'><strong>eapite</strong></span> <span class='ocrx_word' id='word_1_14' title='bbox 642 591 679 655; x_wconf 95' lang='lat' dir='ltr'><strong>lll</strong></span> <span class='ocrx_word' id='word_1_15' title='bbox 701 592 866 680; x_wconf 82' lang='lat' dir='ltr'><strong>apparebit.</strong></span> 
     </span>
    </p>

    <p class='ocr_par' dir='ltr' id='par_1_3' title="bbox 121 705 1209 1145">
     <span class='ocr_line' id='line_1_4' title="bbox 264 705 1209 796; baseline 0.002 -22"><span class='ocrx_word' id='word_1_16' title='bbox 264 707 325 774; x_wconf 85' lang='lat' dir='ltr'><strong>Sed</strong></span> <span class='ocrx_word' id='word_1_17' title='bbox 340 725 518 796; x_wconf 86' lang='lat' dir='ltr'><strong>quamquam</strong></span> <span class='ocrx_word' id='word_1_18' title='bbox 536 709 599 795; x_wconf 86' lang='lat' dir='ltr'><strong>jam</strong></span> <span class='ocrx_word' id='word_1_19' title='bbox 621 729 700 773; x_wconf 90' lang='lat' dir='ltr'><strong>nune</strong></span> <span class='ocrx_word' id='word_1_20' title='bbox 721 709 897 775; x_wconf 76' lang='lat' dir='ltr'>contendere</span> <span class='ocrx_word' id='word_1_21' title='bbox 919 711 995 787; x_wconf 73' lang='lat' dir='ltr'><strong>licet,</strong></span> <span class='ocrx_word' id='word_1_22' title='bbox 1020 705 1093 774; x_wconf 77' lang='grc' dir='ltr'><strong><em>ἀλλ.</em></strong></span> <span class='ocrx_word' id='word_1_23' title='bbox 1108 706 1209 776; x_wconf 76' lang='grc' dir='ltr'><strong><em>ὑπευ-</em></strong></span> 
     </span>
     <span class='ocr_line' id='line_1_5' title="bbox 196 822 1208 912; baseline 0 -21"><span class='ocrx_word' id='word_1_24' title='bbox 196 823 320 900; x_wconf 75' lang='grc' dir='ltr'><strong><em>θύνους</em></strong></span> <span class='ocrx_word' id='word_1_25' title='bbox 344 823 383 889; x_wconf 93' lang='lat' dir='ltr'><strong>ob</strong></span> <span class='ocrx_word' id='word_1_26' title='bbox 406 845 469 888; x_wconf 90' lang='lat' dir='ltr'><strong>eam</strong></span> <span class='ocrx_word' id='word_1_27' title='bbox 493 822 683 912; x_wconf 81' lang='lat' dir='ltr'><strong>obligationis</strong></span> <span class='ocrx_word' id='word_1_28' title='bbox 712 824 840 891; x_wconf 88' lang='lat' dir='ltr'><strong>indolem</strong></span> <span class='ocrx_word' id='word_1_29' title='bbox 870 849 932 892; x_wconf 89' lang='lat' dir='ltr'><strong>non</strong></span> <span class='ocrx_word' id='word_1_30' title='bbox 960 829 1017 890; x_wconf 89' lang='lat' dir='ltr'><strong>nisi</strong></span> <span class='ocrx_word' id='word_1_31' title='bbox 1040 825 1118 892; x_wconf 89' lang='lat' dir='ltr'><strong>duos</strong></span> <span class='ocrx_word' id='word_1_32' title='bbox 1140 849 1208 892; x_wconf 87' lang='lat' dir='ltr'><strong>reos</strong></span> 
     </span>
     <span class='ocr_line' id='line_1_6' title="bbox 121 939 1209 1031; baseline 0 -25"><span class='ocrx_word' id='word_1_33' title='bbox 121 973 133 1015; x_wconf 49' lang='grc' dir='ltr'><strong>ε,</strong></span> <span class='ocrx_word' id='word_1_34' title='bbox 152 993 161 1018; x_wconf 25' lang='lat'><strong>⁴.</strong></span> <span class='ocrx_word' id='word_1_35' title='bbox 195 939 386 1029; x_wconf 84' lang='lat' dir='ltr'><strong>promittendi</strong></span> <span class='ocrx_word' id='word_1_36' title='bbox 401 961 464 1006; x_wconf 86' lang='lat' dir='ltr'><strong>esse</strong></span> <span class='ocrx_word' id='word_1_37' title='bbox 478 962 579 1028; x_wconf 88' lang='lat' dir='ltr'><strong>posse,</strong></span> <span class='ocrx_word' id='word_1_38' title='bbox 596 943 689 1028; x_wconf 80' lang='lat' dir='ltr'><strong>magis</strong></span> <span class='ocrx_word' id='word_1_39' title='bbox 705 954 802 1006; x_wconf 73' lang='lat' dir='ltr'><strong>umen</strong></span> <span class='ocrx_word' id='word_1_40' title='bbox 818 942 957 1031; x_wconf 82' lang='lat' dir='ltr'><strong>expedire</strong></span> <span class='ocrx_word' id='word_1_41' title='bbox 973 941 1100 1020; x_wconf 84' lang='lat' dir='ltr'><strong>videtur,</strong></span> <span class='ocrx_word' id='word_1_42' title='bbox 1123 943 1209 1008; x_wconf 88' lang='lat' dir='ltr'><strong>aliam</strong></span> 
     </span>
     <span class='ocr_line' id='line_1_7' title="bbox 195 1055 650 1145; baseline -0.002 -23"><span class='ocrx_word' id='word_1_43' title='bbox 195 1056 401 1145; x_wconf 80' lang='lat' dir='ltr'><strong>explicationis</strong></span> <span class='ocrx_word' id='word_1_44' title='bbox 424 1059 503 1121; x_wconf 84' lang='lat' dir='ltr'><strong>viam</strong></span> <span class='ocrx_word' id='word_1_45' title='bbox 525 1055 650 1144; x_wconf 83' lang='lat' dir='ltr'><strong>ingredi.</strong></span> 
     </span>
    </p>

    <p class='ocr_par' dir='ltr' id='par_1_4' title="bbox 260 1163 1209 1262">
     <span class='ocr_line' id='line_1_8' title="bbox 260 1163 1209 1262; baseline 0.001 -24"><span class='ocrx_word' id='word_1_46' title='bbox 260 1173 424 1260; x_wconf 82' lang='lat' dir='ltr'><strong>Imperator</strong></span> <span class='ocrx_word' id='word_1_47' title='bbox 446 1171 482 1238; x_wconf 93' lang='lat' dir='ltr'><strong>de</strong></span> <span class='ocrx_word' id='word_1_48' title='bbox 505 1163 580 1236; x_wconf 71' lang='lat' dir='ltr'><strong>ete.</strong></span> <span class='ocrx_word' id='word_1_49' title='bbox 599 1167 815 1252; x_wconf 68' lang='grc' dir='ltr'><strong><em>ὑπευθύνοις,</em></strong></span> <span class='ocrx_word' id='word_1_50' title='bbox 845 1176 950 1262; x_wconf 85' lang='lat' dir='ltr'><strong>quiin</strong></span> <span class='ocrx_word' id='word_1_51' title='bbox 977 1173 1105 1238; x_wconf 90' lang='lat' dir='ltr'><strong>solidum</strong></span> <span class='ocrx_word' id='word_1_52' title='bbox 1128 1172 1209 1261; x_wconf 87' lang='lat' dir='ltr'><strong>adje-</strong></span> 
     </span>
    </p>
   </div>
   <div class='ocr_carea' id='block_1_3' title="bbox 196 1287 731 1374">
    <p class='ocr_par' dir='ltr' id='par_1_5' title="bbox 70 1283 731 1374">
     <span class='ocr_line' id='line_1_9' title="bbox 196 1287 731 1374; baseline -0.003 -20.381"><span class='ocrx_word' id='word_1_53' title='bbox 196 1301 307 1366; x_wconf 84' lang='lat' dir='ltr'><strong>cerunt,</strong></span> <span class='ocrx_word' id='word_1_54' title='bbox 331 1291 361 1351; x_wconf 93' lang='lat' dir='ltr'><strong>in</strong></span> <span class='ocrx_word' id='word_1_55' title='bbox 385 1287 482 1352; x_wconf 91' lang='lat' dir='ltr'><strong>medio</strong></span> <span class='ocrx_word' id='word_1_56' title='bbox 505 1290 651 1374; x_wconf 90' lang='lat' dir='ltr'><strong>principio</strong></span> <span class='ocrx_word' id='word_1_57' title='bbox 675 1292 731 1353; x_wconf 84' lang='lat' dir='ltr'><strong>eit:</strong></span> 
     </span>
    </p>
   </div>
   <div class='ocr_carea' id='block_1_4' title="bbox 194 1398 1208 2299">
    <p class='ocr_par' dir='ltr' id='par_1_6' title="bbox 306 1398 1208 1836">
     <span class='ocr_line' id='line_1_10' title="bbox 306 1398 1207 1489; baseline 0 -23"><span class='ocrx_word' id='word_1_58' title='bbox 306 1401 446 1479; x_wconf 70' lang='grc' dir='ltr'><strong><em>ἐκείνους</em></strong></span> <span class='ocrx_word' id='word_1_59' title='bbox 467 1403 668 1469; x_wconf 78' lang='grc' dir='ltr'><strong><em>κινδυνεύειν</em></strong></span> <span class='ocrx_word' id='word_1_60' title='bbox 695 1402 898 1489; x_wconf 70' lang='grc' dir='ltr'><strong><em>ἐκπληρῶσαι</em></strong></span> <span class='ocrx_word' id='word_1_61' title='bbox 920 1399 1075 1482; x_wconf 78' lang='grc' dir='ltr'><strong><em>(ἕκαστον</em></strong></span> <span class='ocrx_word' id='word_1_62' title='bbox 1103 1403 1149 1478; x_wconf 76' lang='grc' dir='ltr'><strong>εἰς</strong></span> <span class='ocrx_word' id='word_1_63' title='bbox 1171 1398 1207 1468; x_wconf 85' lang='lat' dir='ltr'><strong>cd</strong></span> 
     </span>
     <span class='ocr_line' id='line_1_11' title="bbox 306 1511 1207 1604; baseline -0.001 -21"><span class='ocrx_word' id='word_1_64' title='bbox 306 1519 424 1584; x_wconf 73' lang='lat' dir='ltr'><strong>electen</strong></span> <span class='ocrx_word' id='word_1_65' title='bbox 437 1516 546 1603; x_wconf 76' lang='grc' dir='ltr'><strong><em>μέρος)</em></strong></span> <span class='ocrx_word' id='word_1_66' title='bbox 562 1515 598 1584; x_wconf 85' lang='grc' dir='ltr'><strong>τὸ</strong></span> <span class='ocrx_word' id='word_1_67' title='bbox 614 1515 839 1604; x_wconf 72' lang='grc' dir='ltr'><strong><em>ἀλληλεγνύως</em></strong></span> <span class='ocrx_word' id='word_1_68' title='bbox 855 1518 1039 1596; x_wconf 77' lang='grc' dir='ltr'><strong><em>δυνεισθέν,</em></strong></span> <span class='ocrx_word' id='word_1_69' title='bbox 1055 1517 1091 1598; x_wconf 71' lang='grc' dir='ltr'><strong>ἐξ</strong></span> <span class='ocrx_word' id='word_1_70' title='bbox 1107 1511 1207 1604; x_wconf 81' lang='grc' dir='ltr'><strong><em>οὗπερ</em></strong></span> 
     </span>
     <span class='ocr_line' id='line_1_12' title="bbox 306 1629 1208 1722; baseline 0.001 -24"><span class='ocrx_word' id='word_1_71' title='bbox 306 1631 390 1711; x_wconf 82' lang='grc' dir='ltr'><strong><em>ὅλως</em></strong></span> <span class='ocrx_word' id='word_1_72' title='bbox 410 1632 518 1716; x_wconf 80' lang='grc' dir='ltr'><strong><em>ἔνοχοι</em></strong></span> <span class='ocrx_word' id='word_1_73' title='bbox 532 1631 683 1716; x_wconf 69' lang='grc' dir='ltr'><strong><em>γεγόνασι</em></strong></span> <span class='ocrx_word' id='word_1_74' title='bbox 704 1639 758 1700; x_wconf 80' lang='grc' dir='ltr'><strong>καὶ</strong></span> <span class='ocrx_word' id='word_1_75' title='bbox 778 1630 821 1720; x_wconf 70' lang='grc' dir='ltr'><strong>μὴ</strong></span> <span class='ocrx_word' id='word_1_76' title='bbox 838 1629 874 1699; x_wconf 79' lang='grc' dir='ltr'><strong>τὸ</strong></span> <span class='ocrx_word' id='word_1_77' title='bbox 891 1637 1000 1700; x_wconf 79' lang='grc' dir='ltr'><strong><em>κοίνον</em></strong></span> <span class='ocrx_word' id='word_1_78' title='bbox 1014 1637 1108 1722; x_wconf 79' lang='grc' dir='ltr'><strong><em>χρέος</em></strong></span> <span class='ocrx_word' id='word_1_79' title='bbox 1122 1633 1208 1699; x_wconf 76' lang='grc' dir='ltr'><strong><em>ἴδιόν</em></strong></span> 
     </span>
     <span class='ocr_line' id='line_1_13' title="bbox 306 1745 693 1836; baseline 0.005 -24"><span class='ocrx_word' id='word_1_80' title='bbox 306 1771 392 1826; x_wconf 78' lang='grc' dir='ltr'><strong><em>τινος</em></strong></span> <span class='ocrx_word' id='word_1_81' title='bbox 412 1752 559 1830; x_wconf 77' lang='grc' dir='ltr'><strong><em>γενέσθω</em></strong></span> <span class='ocrx_word' id='word_1_82' title='bbox 581 1745 693 1836; x_wconf 77' lang='grc' dir='ltr'><strong><em>βάρος.</em></strong></span> 
     </span>
    </p>

    <p class='ocr_par' dir='ltr' id='par_1_7' title="bbox 194 1863 1208 2299">
     <span class='ocr_line' id='line_1_14' title="bbox 251 1863 1208 1958; baseline 0.002 -28"><span class='ocrx_word' id='word_1_83' title='bbox 251 1864 345 1958; x_wconf 75' lang='grc' dir='ltr'><strong><em>Ωοιε</em></strong></span> <span class='ocrx_word' id='word_1_84' title='bbox 371 1866 460 1932; x_wconf 86' lang='lat' dir='ltr'><strong>rerba</strong></span> <span class='ocrx_word' id='word_1_85' title='bbox 490 1870 638 1933; x_wconf 89' lang='lat' dir='ltr'><strong>intuentes</strong></span> <span class='ocrx_word' id='word_1_86' title='bbox 665 1870 793 1956; x_wconf 90' lang='lat' dir='ltr'><strong>primum</strong></span> <span class='ocrx_word' id='word_1_87' title='bbox 823 1865 926 1942; x_wconf 78' lang='grc' dir='ltr'><strong><em>»ὅλοις</em></strong></span> <span class='ocrx_word' id='word_1_88' title='bbox 953 1863 1081 1948; x_wconf 73' lang='grc' dir='ltr'><strong><em>ἔνοχομ</em></strong></span> <span class='ocrx_word' id='word_1_89' title='bbox 1110 1879 1208 1932; x_wconf 87' lang='lat' dir='ltr'><strong>trans·</strong></span> 
     </span>
     <span class='ocr_line' id='line_1_15' title="bbox 195 1975 1207 2066; baseline 0 -20"><span class='ocrx_word' id='word_1_90' title='bbox 195 1981 322 2048; x_wconf 85' lang='lat' dir='ltr'><strong>ieramus</strong></span> <span class='ocrx_word' id='word_1_91' title='bbox 350 2005 468 2050; x_wconf 86' lang='lat' dir='ltr'><strong>necesse</strong></span> <span class='ocrx_word' id='word_1_92' title='bbox 497 1996 543 2050; x_wconf 92' lang='lat' dir='ltr'><strong>est</strong></span> <span class='ocrx_word' id='word_1_93' title='bbox 570 1987 712 2050; x_wconf 84' lang='lat' dir='ltr'><strong>»omnino</strong></span> <span class='ocrx_word' id='word_1_94' title='bbox 741 1975 958 2066; x_wconf 76' lang='lat' dir='ltr'><strong>debitores«²),</strong></span> <span class='ocrx_word' id='word_1_95' title='bbox 994 1984 1040 2048; x_wconf 84' lang='lat' dir='ltr'><strong>vel</strong></span> <span class='ocrx_word' id='word_1_96' title='bbox 1071 1986 1096 2048; x_wconf 90' lang='lat' dir='ltr'><strong>si</strong></span> <span class='ocrx_word' id='word_1_97' title='bbox 1124 1985 1207 2048; x_wconf 89' lang='lat' dir='ltr'><strong>vocis</strong></span> 
     </span>
     <span class='ocr_line' id='line_1_16' title="bbox 194 2094 1207 2187; baseline -0.001 -24"><span class='ocrx_word' id='word_1_98' title='bbox 194 2099 273 2164; x_wconf 92' lang='lat' dir='ltr'><strong>illius</strong></span> <span class='ocrx_word' id='word_1_99' title='bbox 289 2121 306 2163; x_wconf 94' lang='lat' dir='ltr'><strong>a</strong></span> <span class='ocrx_word' id='word_1_100' title='bbox 323 2097 457 2164; x_wconf 77' lang='lat' dir='ltr'><strong>basilicis</strong></span> <span class='ocrx_word' id='word_1_101' title='bbox 473 2112 502 2164; x_wconf 92' lang='lat' dir='ltr'><strong>et</strong></span> <span class='ocrx_word' id='word_1_102' title='bbox 518 2099 688 2187; x_wconf 88' lang='lat' dir='ltr'><strong>Theophilo</strong></span> <span class='ocrx_word' id='word_1_103' title='bbox 712 2099 862 2164; x_wconf 87' lang='lat' dir='ltr'><strong>adhibitae</strong></span> <span class='ocrx_word' id='word_1_104' title='bbox 886 2094 913 2181; x_wconf 72' lang='lat' dir='ltr'><strong>l»</strong></span> <span class='ocrx_word' id='word_1_105' title='bbox 920 2098 979 2164; x_wconf 84' lang='grc' dir='ltr'><strong>δύο</strong></span> <span class='ocrx_word' id='word_1_106' title='bbox 1002 2095 1109 2180; x_wconf 79' lang='grc' dir='ltr'><strong><em>ἔνοχοι</em></strong></span> <span class='ocrx_word' id='word_1_107' title='bbox 1131 2095 1207 2162; x_wconf 78' lang='grc' dir='ltr'><strong><em>ἒπε-</em></strong></span> 
     </span>
     <span class='ocr_line' id='line_1_17' title="bbox 194 2209 1207 2299; baseline 0 -21"><span class='ocrx_word' id='word_1_108' title='bbox 194 2209 410 2299; x_wconf 76' lang='grc' dir='ltr'><strong><em>ρωοολμενοιι)</em></strong></span> <span class='ocrx_word' id='word_1_109' title='bbox 422 2218 566 2282; x_wconf 89' lang='lat' dir='ltr'><strong>rationem</strong></span> <span class='ocrx_word' id='word_1_110' title='bbox 580 2213 687 2282; x_wconf 87' lang='lat' dir='ltr'><strong>habere</strong></span> <span class='ocrx_word' id='word_1_111' title='bbox 701 2215 794 2293; x_wconf 89' lang='lat' dir='ltr'><strong>liceat,</strong></span> <span class='ocrx_word' id='word_1_112' title='bbox 815 2218 955 2280; x_wconf 74' lang='lat' dir='ltr'><strong>»omnino</strong></span> <span class='ocrx_word' id='word_1_113' title='bbox 972 2237 1068 2280; x_wconf 82' lang='lat' dir='ltr'><strong>reos«.</strong></span> <span class='ocrx_word' id='word_1_114' title='bbox 1093 2213 1207 2280; x_wconf 86' lang='lat' dir='ltr'><strong>Deinde</strong></span> 
     </span>
    </p>
   </div>
   <div class='ocr_carea' id='block_1_5' title="bbox 191 2483 1207 3446">
    <p class='ocr_par' dir='ltr' id='par_1_8' title="bbox 191 2483 1207 2956">
     <span class='ocr_line' id='line_1_18' title="bbox 248 2483 1207 2570; baseline -0.001 -20"><span class='ocrx_word' id='word_1_115' title='bbox 248 2495 269 2565; x_wconf 89' lang='lat'><strong>¹)</strong></span> <span class='ocrx_word' id='word_1_116' title='bbox 288 2495 337 2550; x_wconf 76' lang='lat' dir='ltr'><strong>cfr.</strong></span> <span class='ocrx_word' id='word_1_117' title='bbox 351 2497 470 2568; x_wconf 83' lang='lat' dir='ltr'><strong>imprimis</strong></span> <span class='ocrx_word' id='word_1_118' title='bbox 485 2495 500 2567; x_wconf 63' lang='grc' dir='ltr'><strong>ξ</strong></span> <span class='ocrx_word' id='word_1_119' title='bbox 514 2496 555 2550; x_wconf 90' lang='grc'><strong>19.</strong></span> <span class='ocrx_word' id='word_1_120' title='bbox 575 2527 609 2536; x_wconf 98' lang='grc'>-</span> <span class='ocrx_word' id='word_1_121' title='bbox 628 2496 708 2552; x_wconf 89' lang='lat' dir='ltr'><strong>Unam</strong></span> <span class='ocrx_word' id='word_1_122' title='bbox 726 2497 801 2569; x_wconf 82' lang='lat' dir='ltr'><strong>igitur</strong></span> <span class='ocrx_word' id='word_1_123' title='bbox 818 2483 988 2570; x_wconf 82' lang='lat' dir='ltr'><strong>obligationem</strong></span> <span class='ocrx_word' id='word_1_124' title='bbox 1007 2513 1038 2550; x_wconf 87' lang='lat' dir='ltr'><strong>ex</strong></span> <span class='ocrx_word' id='word_1_125' title='bbox 1055 2497 1108 2566; x_wconf 86' lang='lat' dir='ltr'><strong>ipsa</strong></span> <span class='ocrx_word' id='word_1_126' title='bbox 1119 2495 1207 2550; x_wconf 87' lang='lat' dir='ltr'><strong>verbo-</strong></span> 
     </span>
     <span class='ocr_line' id='line_1_19' title="bbox 192 2593 1206 2666; baseline -0.002 -18"><span class='ocrx_word' id='word_1_127' title='bbox 192 2612 249 2648; x_wconf 88' lang='lat' dir='ltr'><strong>rum</strong></span> <span class='ocrx_word' id='word_1_128' title='bbox 265 2595 364 2650; x_wconf 77' lang='lat' dir='ltr'><strong>nodone</strong></span> <span class='ocrx_word' id='word_1_129' title='bbox 381 2596 486 2649; x_wconf 81' lang='lat' dir='ltr'><strong>assecuti</strong></span> <span class='ocrx_word' id='word_1_130' title='bbox 502 2593 601 2648; x_wconf 88' lang='lat' dir='ltr'><strong>illorum</strong></span> <span class='ocrx_word' id='word_1_131' title='bbox 619 2611 712 2649; x_wconf 84' lang='lat' dir='ltr'><strong>errores</strong></span> <span class='ocrx_word' id='word_1_132' title='bbox 730 2595 883 2660; x_wconf 84' lang='lat' dir='ltr'><strong>evitabimus,</strong></span> <span class='ocrx_word' id='word_1_133' title='bbox 903 2596 945 2666; x_wconf 88' lang='lat' dir='ltr'><strong>qui</strong></span> <span class='ocrx_word' id='word_1_134' title='bbox 961 2612 975 2647; x_wconf 86' lang='lat' dir='ltr'><strong>a</strong></span> <span class='ocrx_word' id='word_1_135' title='bbox 993 2594 1096 2648; x_wconf 88' lang='lat' dir='ltr'><strong>duarum</strong></span> <span class='ocrx_word' id='word_1_136' title='bbox 1115 2593 1206 2666; x_wconf 84' lang='lat' dir='ltr'><strong>obliga·</strong></span> 
     </span>
     <span class='ocr_line' id='line_1_20' title="bbox 192 2691 1207 2763; baseline -0.002 -17"><span class='ocrx_word' id='word_1_137' title='bbox 192 2693 288 2746; x_wconf 87' lang='lat' dir='ltr'><strong>tionum</strong></span> <span class='ocrx_word' id='word_1_138' title='bbox 305 2693 420 2763; x_wconf 85' lang='lat' dir='ltr'><strong>principio</strong></span> <span class='ocrx_word' id='word_1_139' title='bbox 439 2693 521 2744; x_wconf 85' lang='lat' dir='ltr'><strong>exorsi</strong></span> <span class='ocrx_word' id='word_1_140' title='bbox 539 2691 665 2746; x_wconf 83' lang='lat' dir='ltr'><strong>defendere</strong></span> <span class='ocrx_word' id='word_1_141' title='bbox 687 2709 737 2745; x_wconf 90' lang='lat' dir='ltr'><strong>non</strong></span> <span class='ocrx_word' id='word_1_142' title='bbox 754 2701 871 2762; x_wconf 88' lang='lat' dir='ltr'><strong>possunt,</strong></span> <span class='ocrx_word' id='word_1_143' title='bbox 897 2692 1055 2762; x_wconf 83' lang='lat' dir='ltr'><strong>quamobrem</strong></span> <span class='ocrx_word' id='word_1_144' title='bbox 1074 2692 1207 2763; x_wconf 81' lang='lat' dir='ltr'><strong>Imperator</strong></span> 
     </span>
     <span class='ocr_line' id='line_1_21' title="bbox 191 2785 1206 2860; baseline 0 -18"><span class='ocrx_word' id='word_1_145' title='bbox 191 2797 315 2860; x_wconf 83' lang='lat' dir='ltr'><strong>praecepta</strong></span> <span class='ocrx_word' id='word_1_146' title='bbox 332 2787 391 2842; x_wconf 88' lang='lat' dir='ltr'><strong>adeo</strong></span> <span class='ocrx_word' id='word_1_147' title='bbox 410 2788 506 2840; x_wconf 81' lang='lat' dir='ltr'><strong>diversa</strong></span> <span class='ocrx_word' id='word_1_148' title='bbox 523 2789 681 2852; x_wconf 85' lang='lat' dir='ltr'><strong>constituerit,</strong></span> <span class='ocrx_word' id='word_1_149' title='bbox 700 2796 774 2858; x_wconf 89' lang='lat' dir='ltr'><strong>prout</strong></span> <span class='ocrx_word' id='word_1_150' title='bbox 792 2788 848 2844; x_wconf 78' lang='lat' dir='ltr'><strong>eet.</strong></span> <span class='ocrx_word' id='word_1_151' title='bbox 863 2785 1006 2842; x_wconf 72' lang='grc' dir='ltr'><strong><em>ὑπεύθυνοι</em></strong></span> <span class='ocrx_word' id='word_1_152' title='bbox 1023 2789 1065 2840; x_wconf 76' lang='lat' dir='ltr'><strong>»in</strong></span> <span class='ocrx_word' id='word_1_153' title='bbox 1083 2787 1206 2842; x_wconf 77' lang='lat' dir='ltr'><strong>solidum«</strong></span> 
     </span>
     <span class='ocr_line' id='line_1_22' title="bbox 192 2863 642 2956; baseline -0.004 -18"><span class='ocrx_word' id='word_1_154' title='bbox 192 2885 326 2956; x_wconf 84' lang='lat' dir='ltr'><strong>adjecerint,</strong></span> <span class='ocrx_word' id='word_1_155' title='bbox 343 2883 383 2938; x_wconf 85' lang='lat' dir='ltr'><strong>vel</strong></span> <span class='ocrx_word' id='word_1_156' title='bbox 399 2902 449 2937; x_wconf 91' lang='lat' dir='ltr'><strong>non</strong></span> <span class='ocrx_word' id='word_1_157' title='bbox 467 2883 603 2954; x_wconf 82' lang='lat' dir='ltr'><strong>adjecerint.</strong></span> <span class='ocrx_word' id='word_1_158' title='bbox 639 2863 642 2872; x_wconf 33' lang='lat'><strong>³</strong></span> 
     </span>
    </p>

    <p class='ocr_par' dir='ltr' id='par_1_9' title="bbox 191 2978 1205 3446">
     <span class='ocr_line' id='line_1_23' title="bbox 245 2978 1205 3053; baseline 0 -19"><span class='ocrx_word' id='word_1_159' title='bbox 245 2979 267 3049; x_wconf 81' lang='lat'><strong>²)</strong></span> <span class='ocrx_word' id='word_1_160' title='bbox 289 2981 385 3034; x_wconf 82' lang='lat' dir='ltr'><strong>Auctor</strong></span> <span class='ocrx_word' id='word_1_161' title='bbox 402 2979 522 3052; x_wconf 85' lang='lat' dir='ltr'><strong>Vulgatae</strong></span> <span class='ocrx_word' id='word_1_162' title='bbox 546 2989 571 3034; x_wconf 91' lang='lat' dir='ltr'><strong>et</strong></span> <span class='ocrx_word' id='word_1_163' title='bbox 588 2978 769 3052; x_wconf 84' lang='lat' dir='ltr'><strong>Homberglrins</strong></span> <span class='ocrx_word' id='word_1_164' title='bbox 793 2980 850 3034; x_wconf 84' lang='lat' dir='ltr'><strong>haee</strong></span> <span class='ocrx_word' id='word_1_165' title='bbox 867 2981 940 3035; x_wconf 80' lang='lat' dir='ltr'><strong>verba</strong></span> <span class='ocrx_word' id='word_1_166' title='bbox 958 2981 1074 3033; x_wconf 80' lang='lat' dir='ltr'><strong>»omnino</strong></span> <span class='ocrx_word' id='word_1_167' title='bbox 1093 2978 1205 3053; x_wconf 82' lang='lat' dir='ltr'><strong>obligati«</strong></span> 
     </span>
     <span class='ocr_line' id='line_1_24' title="bbox 191 3075 1204 3150; baseline -0.001 -17"><span class='ocrx_word' id='word_1_168' title='bbox 191 3077 373 3143; x_wconf 76' lang='lat' dir='ltr'><strong>transtulerunt,</strong></span> <span class='ocrx_word' id='word_1_169' title='bbox 391 3076 430 3131; x_wconf 93' lang='lat' dir='ltr'><strong>ille</strong></span> <span class='ocrx_word' id='word_1_170' title='bbox 447 3076 675 3149; x_wconf 81' lang='lat' dir='ltr'><strong>minus‘eleganter,</strong></span> <span class='ocrx_word' id='word_1_171' title='bbox 693 3075 731 3130; x_wconf 88' lang='lat' dir='ltr'><strong>bie</strong></span> <span class='ocrx_word' id='word_1_172' title='bbox 749 3078 835 3148; x_wconf 89' lang='lat' dir='ltr'><strong>inepte,</strong></span> <span class='ocrx_word' id='word_1_173' title='bbox 855 3079 897 3148; x_wconf 92' lang='lat' dir='ltr'><strong>qui</strong></span> <span class='ocrx_word' id='word_1_174' title='bbox 914 3095 942 3131; x_wconf 86' lang='lat' dir='ltr'><strong>ea</strong></span> <span class='ocrx_word' id='word_1_175' title='bbox 957 3079 1068 3132; x_wconf 83' lang='lat' dir='ltr'><strong>versione</strong></span> <span class='ocrx_word' id='word_1_176' title='bbox 1081 3077 1204 3150; x_wconf 85' lang='lat' dir='ltr'><strong>significet,</strong></span> 
     </span>
     <span class='ocr_line' id='line_1_25' title="bbox 192 3173 1204 3247; baseline -0.001 -17"><span class='ocrx_word' id='word_1_177' title='bbox 192 3176 312 3232; x_wconf 85' lang='lat' dir='ltr'><strong>debitores</strong></span> <span class='ocrx_word' id='word_1_178' title='bbox 325 3176 396 3229; x_wconf 86' lang='lat' dir='ltr'><strong>etiam</strong></span> <span class='ocrx_word' id='word_1_179' title='bbox 409 3193 459 3228; x_wconf 91' lang='lat' dir='ltr'><strong>non</strong></span> <span class='ocrx_word' id='word_1_180' title='bbox 472 3175 570 3228; x_wconf 89' lang='lat' dir='ltr'><strong>omnino</strong></span> <span class='ocrx_word' id='word_1_181' title='bbox 583 3173 701 3247; x_wconf 81' lang='lat' dir='ltr'><strong>obligatos</strong></span> <span class='ocrx_word' id='word_1_182' title='bbox 714 3191 767 3228; x_wconf 87' lang='lat' dir='ltr'><strong>esse</strong></span> <span class='ocrx_word' id='word_1_183' title='bbox 778 3191 859 3246; x_wconf 90' lang='lat' dir='ltr'><strong>posse.</strong></span> <span class='ocrx_word' id='word_1_184' title='bbox 888 3174 1027 3230; x_wconf 82' lang='lat' dir='ltr'><strong>Secundum</strong></span> <span class='ocrx_word' id='word_1_185' title='bbox 1046 3173 1077 3247; x_wconf 85' lang='lat' dir='ltr'><strong>gl.</strong></span> <span class='ocrx_word' id='word_1_186' title='bbox 1100 3175 1204 3230; x_wconf 88' lang='lat' dir='ltr'><strong>Omnino</strong></span> 
     </span>
     <span class='ocr_line' id='line_1_26' title="bbox 191 3271 1204 3344; baseline -0.001 -15"><span class='ocrx_word' id='word_1_187' title='bbox 191 3273 222 3329; x_wconf 91' lang='lat' dir='ltr'><strong>ad</strong></span> <span class='ocrx_word' id='word_1_188' title='bbox 239 3273 305 3328; x_wconf 87' lang='lat' dir='ltr'><strong>Nov.</strong></span> <span class='ocrx_word' id='word_1_189' title='bbox 319 3273 354 3326; x_wconf 87' lang='grc'><strong>99</strong></span> <span class='ocrx_word' id='word_1_190' title='bbox 371 3271 499 3326; x_wconf 83' lang='lat' dir='ltr'><strong>Albericus</strong></span> <span class='ocrx_word' id='word_1_191' title='bbox 518 3273 620 3328; x_wconf 86' lang='lat' dir='ltr'><strong>aPorta</strong></span> <span class='ocrx_word' id='word_1_192' title='bbox 631 3273 769 3327; x_wconf 78' lang='lat' dir='ltr'><strong>Rauennate</strong></span> <span class='ocrx_word' id='word_1_193' title='bbox 786 3275 830 3326; x_wconf 82' lang='lat' dir='ltr'><strong>»in</strong></span> <span class='ocrx_word' id='word_1_194' title='bbox 847 3271 971 3328; x_wconf 78' lang='lat' dir='ltr'><strong>solidum·</strong></span> <span class='ocrx_word' id='word_1_195' title='bbox 987 3271 1117 3339; x_wconf 86' lang='lat' dir='ltr'><strong>transtulit,</strong></span> <span class='ocrx_word' id='word_1_196' title='bbox 1136 3273 1204 3344; x_wconf 89' lang='lat' dir='ltr'><strong>quod</strong></span> 
     </span>
     <span class='ocr_line' id='line_1_27' title="bbox 191 3369 1204 3446; baseline 0 -20"><span class='ocrx_word' id='word_1_197' title='bbox 191 3373 268 3446; x_wconf 77' lang='lat' dir='ltr'><strong>magis</strong></span> <span class='ocrx_word' id='word_1_198' title='bbox 287 3369 494 3442; x_wconf 83' lang='lat' dir='ltr'><strong>comprobandum</strong></span> <span class='ocrx_word' id='word_1_199' title='bbox 511 3379 556 3424; x_wconf 90' lang='lat' dir='ltr'><strong>est.</strong></span> <span class='ocrx_word' id='word_1_200' title='bbox 583 3369 720 3426; x_wconf 79' lang='lat' dir='ltr'><strong>Haloander</strong></span> <span class='ocrx_word' id='word_1_201' title='bbox 738 3379 762 3425; x_wconf 90' lang='lat' dir='ltr'><strong>et</strong></span> <span class='ocrx_word' id='word_1_202' title='bbox 779 3372 859 3442; x_wconf 91' lang='lat' dir='ltr'><strong>inepte</strong></span> <span class='ocrx_word' id='word_1_203' title='bbox 877 3371 992 3424; x_wconf 80' lang='lat' dir='ltr'><strong>»omnino</strong></span> <span class='ocrx_word' id='word_1_204' title='bbox 1011 3370 1161 3437; x_wconf 77' lang='lat' dir='ltr'><strong>obnoxius«,</strong></span> <span class='ocrx_word' id='word_1_205' title='bbox 1180 3379 1204 3426; x_wconf 91' lang='lat' dir='ltr'><strong>et</strong></span> 
     </span>
    </p>
   </div>
   <div class='ocr_carea' id='block_1_6' title="bbox 190 3465 1301 3540">
    <p class='ocr_par' dir='ltr' id='par_1_10' title="bbox 190 3465 1301 3540">
     <span class='ocr_line' id='line_1_28' title="bbox 190 3465 1301 3540; baseline 0 -16"><span class='ocrx_word' id='word_1_206' title='bbox 190 3469 252 3524; x_wconf 85' lang='lat' dir='ltr'><strong>falso</strong></span> <span class='ocrx_word' id='word_1_207' title='bbox 264 3476 309 3523; x_wconf 82' lang='lat' dir='ltr'><strong>»ut</strong></span> <span class='ocrx_word' id='word_1_208' title='bbox 322 3468 389 3540; x_wconf 86' lang='lat' dir='ltr'><strong>quod</strong></span> <span class='ocrx_word' id='word_1_209' title='bbox 401 3468 448 3521; x_wconf 87' lang='lat' dir='ltr'><strong>sub</strong></span> <span class='ocrx_word' id='word_1_210' title='bbox 460 3465 589 3522; x_wconf 85' lang='lat' dir='ltr'><strong>alternante</strong></span> <span class='ocrx_word' id='word_1_211' title='bbox 600 3467 755 3538; x_wconf 86' lang='lat' dir='ltr'><strong>fidejussione</strong></span> <span class='ocrx_word' id='word_1_212' title='bbox 768 3469 885 3524; x_wconf 91' lang='lat' dir='ltr'><strong>creditum</strong></span> <span class='ocrx_word' id='word_1_213' title='bbox 898 3475 942 3533; x_wconf 86' lang='lat' dir='ltr'><strong>est,</strong></span> <span class='ocrx_word' id='word_1_214' title='bbox 954 3467 980 3522; x_wconf 93' lang='lat' dir='ltr'><strong>id</strong></span> <span class='ocrx_word' id='word_1_215' title='bbox 990 3485 1035 3539; x_wconf 94' lang='lat' dir='ltr'><strong>pro</strong></span> <span class='ocrx_word' id='word_1_216' title='bbox 1045 3487 1090 3524; x_wconf 81' lang='lat' dir='ltr'><strong>sua</strong></span> <span class='ocrx_word' id='word_1_217' title='bbox 1099 3471 1204 3540; x_wconf 77' lang='lat' dir='ltr'><strong>quisque</strong></span> <span class='ocrx_word' id='word_1_218' title='bbox 1296 3503 1301 3513; x_wconf 86' lang='lat'><strong>·</strong></span> 
     </span>
    </p>
   </div>
   <div class='ocr_carea' id='block_1_7' title="bbox 190 3565 1203 4030">
    <p class='ocr_par' dir='ltr' id='par_1_11' title="bbox 190 3565 1203 4030">
     <span class='ocr_line' id='line_1_29' title="bbox 190 3565 1203 3639; baseline 0 -19"><span class='ocrx_word' id='word_1_219' title='bbox 190 3575 265 3639; x_wconf 87' lang='lat' dir='ltr'><strong>parte,</strong></span> <span class='ocrx_word' id='word_1_220' title='bbox 285 3584 316 3620; x_wconf 85' lang='lat' dir='ltr'><strong>ex</strong></span> <span class='ocrx_word' id='word_1_221' title='bbox 329 3583 380 3638; x_wconf 83' lang='lat' dir='ltr'><strong>qua</strong></span> <span class='ocrx_word' id='word_1_222' title='bbox 392 3567 491 3619; x_wconf 86' lang='lat' dir='ltr'><strong>omnino</strong></span> <span class='ocrx_word' id='word_1_223' title='bbox 503 3572 600 3620; x_wconf 88' lang='lat' dir='ltr'><strong>tenetur</strong></span> <span class='ocrx_word' id='word_1_224' title='bbox 611 3565 740 3632; x_wconf 85' lang='lat' dir='ltr'><strong>obnoxius,</strong></span> <span class='ocrx_word' id='word_1_225' title='bbox 759 3573 881 3638; x_wconf 81' lang='lat' dir='ltr'><strong>praestet«</strong></span> <span class='ocrx_word' id='word_1_226' title='bbox 898 3566 1000 3638; x_wconf 85' lang='lat' dir='ltr'><strong>scripsit,</strong></span> <span class='ocrx_word' id='word_1_227' title='bbox 1014 3569 1129 3636; x_wconf 87' lang='lat' dir='ltr'><strong>quoniam</strong></span> <span class='ocrx_word' id='word_1_228' title='bbox 1142 3568 1203 3620; x_wconf 90' lang='lat' dir='ltr'><strong>Pro-</strong></span> 
     </span>
     <span class='ocr_line' id='line_1_30' title="bbox 190 3655 1202 3738; baseline 0 -20"><span class='ocrx_word' id='word_1_229' title='bbox 190 3681 280 3718; x_wconf 90' lang='lat' dir='ltr'><strong>nomen</strong></span> <span class='ocrx_word' id='word_1_230' title='bbox 299 3665 340 3730; x_wconf 73' lang='grc' dir='ltr'><strong>(ἐξ</strong></span> <span class='ocrx_word' id='word_1_231' title='bbox 349 3655 442 3738; x_wconf 74' lang='grc' dir='ltr'><strong><em>οὗπερ)</em></strong></span> <span class='ocrx_word' id='word_1_232' title='bbox 461 3662 491 3716; x_wconf 84' lang='lat' dir='ltr'><strong>ad</strong></span> <span class='ocrx_word' id='word_1_233' title='bbox 509 3659 695 3728; x_wconf 74' lang='grc' dir='ltr'><strong><em>εδδανειοθέν,</em></strong></span> <span class='ocrx_word' id='word_1_234' title='bbox 713 3681 792 3734; x_wconf 88' lang='lat' dir='ltr'><strong>neque</strong></span> <span class='ocrx_word' id='word_1_235' title='bbox 811 3663 841 3716; x_wconf 91' lang='lat' dir='ltr'><strong>ad</strong></span> <span class='ocrx_word' id='word_1_236' title='bbox 853 3661 880 3716; x_wconf 84' lang='grc' dir='ltr'><strong>τὸ</strong></span> <span class='ocrx_word' id='word_1_237' title='bbox 891 3665 973 3737; x_wconf 82' lang='grc' dir='ltr'><strong><em>μέρος</em></strong></span> <span class='ocrx_word' id='word_1_238' title='bbox 986 3665 1096 3734; x_wconf 86' lang='lat' dir='ltr'><strong>pertinet.</strong></span> <span class='ocrx_word' id='word_1_239' title='bbox 1110 3693 1144 3703; x_wconf 96' lang='lat'>-</span> <span class='ocrx_word' id='word_1_240' title='bbox 1157 3665 1202 3718; x_wconf 82' lang='lat' dir='ltr'><strong>Ce-</strong></span> 
     </span>
     <span class='ocr_line' id='line_1_31' title="bbox 191 3759 1202 3832; baseline -0.001 -17"><span class='ocrx_word' id='word_1_241' title='bbox 191 3768 271 3815; x_wconf 88' lang='lat' dir='ltr'><strong>terum</strong></span> <span class='ocrx_word' id='word_1_242' title='bbox 288 3760 433 3826; x_wconf 86' lang='lat' dir='ltr'><strong>Heimbaeh‚</strong></span> <span class='ocrx_word' id='word_1_243' title='bbox 458 3761 500 3832; x_wconf 86' lang='lat' dir='ltr'><strong>qui</strong></span> <span class='ocrx_word' id='word_1_244' title='bbox 518 3776 607 3814; x_wconf 89' lang='lat' dir='ltr'><strong>novam</strong></span> <span class='ocrx_word' id='word_1_245' title='bbox 624 3759 765 3830; x_wconf 80' lang='lat' dir='ltr'><strong>Anthentiei</strong></span> <span class='ocrx_word' id='word_1_246' title='bbox 783 3761 912 3816; x_wconf 88' lang='lat' dir='ltr'><strong>editionem</strong></span> <span class='ocrx_word' id='word_1_247' title='bbox 930 3763 1034 3826; x_wconf 84' lang='lat' dir='ltr'><strong>curavit,</strong></span> <span class='ocrx_word' id='word_1_248' title='bbox 1058 3759 1202 3815; x_wconf 85' lang='lat' dir='ltr'><strong>Particulam</strong></span> 
     </span>
     <span class='ocr_line' id='line_1_32' title="bbox 190 3857 1203 3930; baseline 0.002 -20"><span class='ocrx_word' id='word_1_249' title='bbox 190 3865 265 3911; x_wconf 69' lang='lat' dir='ltr'><strong>saue«</strong></span> <span class='ocrx_word' id='word_1_250' title='bbox 283 3859 415 3913; x_wconf 81' lang='lat' dir='ltr'><strong>rectissime</strong></span> <span class='ocrx_word' id='word_1_251' title='bbox 433 3859 508 3929; x_wconf 88' lang='lat' dir='ltr'><strong>ejecit,</strong></span> <span class='ocrx_word' id='word_1_252' title='bbox 528 3875 590 3928; x_wconf 83' lang='lat' dir='ltr'><strong>quae</strong></span> <span class='ocrx_word' id='word_1_253' title='bbox 607 3859 634 3912; x_wconf 88' lang='lat' dir='ltr'><strong>in</strong></span> <span class='ocrx_word' id='word_1_254' title='bbox 651 3858 797 3913; x_wconf 87' lang='lat' dir='ltr'><strong>editionibus</strong></span> <span class='ocrx_word' id='word_1_255' title='bbox 814 3859 936 3930; x_wconf 87' lang='lat' dir='ltr'><strong>prioribus</strong></span> <span class='ocrx_word' id='word_1_256' title='bbox 948 3857 1043 3929; x_wconf 65' lang='lat' dir='ltr'><strong>(nquod</strong></span> <span class='ocrx_word' id='word_1_257' title='bbox 1055 3857 1101 3912; x_wconf 89' lang='lat' dir='ltr'><strong>sub</strong></span> <span class='ocrx_word' id='word_1_258' title='bbox 1113 3857 1203 3912; x_wconf 86' lang='lat' dir='ltr'><strong>alterna</strong></span> 
     </span>
     <span class='ocr_line' id='line_1_33' title="bbox 190 3953 1201 4030; baseline 0.003 -23"><span class='ocrx_word' id='word_1_259' title='bbox 190 3955 350 4029; x_wconf 86' lang='lat' dir='ltr'><strong>promissione</strong></span> <span class='ocrx_word' id='word_1_260' title='bbox 368 3955 485 4012; x_wconf 84' lang='lat' dir='ltr'><strong>creditum</strong></span> <span class='ocrx_word' id='word_1_261' title='bbox 502 3962 552 4024; x_wconf 86' lang='lat' dir='ltr'><strong>est,</strong></span> <span class='ocrx_word' id='word_1_262' title='bbox 574 3962 620 4011; x_wconf 84' lang='lat' dir='ltr'><strong>cet</strong></span> <span class='ocrx_word' id='word_1_263' title='bbox 636 3973 668 4010; x_wconf 83' lang='lat' dir='ltr'><strong>ex</strong></span> <span class='ocrx_word' id='word_1_264' title='bbox 686 3974 736 4027; x_wconf 93' lang='lat' dir='ltr'><strong>quo</strong></span> <span class='ocrx_word' id='word_1_265' title='bbox 756 3957 854 4011; x_wconf 91' lang='lat' dir='ltr'><strong>omnino</strong></span> <span class='ocrx_word' id='word_1_266' title='bbox 872 3955 969 4030; x_wconf 81' lang='lat' dir='ltr'><strong>obligati</strong></span> <span class='ocrx_word' id='word_1_267' title='bbox 987 3953 1073 4025; x_wconf 73' lang='lat' dir='ltr'><strong>sunt«)</strong></span> <span class='ocrx_word' id='word_1_268' title='bbox 1091 3957 1201 4010; x_wconf 80' lang='lat' dir='ltr'><strong>occurrit.</strong></span> 
     </span>
    </p>
   </div>
   <div class='ocr_carea' id='block_1_8' title="bbox 0 0 1472 4554">
    <p class='ocr_par' dir='ltr' id='par_1_12' title="bbox 0 0 1472 4554">
     <span class='ocr_line' id='line_1_34' title="bbox 0 0 1472 4554; baseline 0 2"><span class='ocrx_word' id='word_1_269' title='bbox 0 0 1472 4554; x_wconf 95' lang='lat' dir='ltr'><strong> </strong></span> 
     </span>
    </p>
   </div>
  </div>
 </body>
</html>
