2952 4556
652 327 811 428 *rr*

224 523 344 575 mutuae
367 507 567 595 fidejussionis
590 499 727 588 iterum‘l
751 507 951 594 explicaturus
972 509 1020 584 sit,
1045 503 1237 594 quamobrem

224 625 409 714 superfluum
432 628 479 702 sit,
505 627 604 688 omnia
625 621 805 688 Nevettaet
827 635 983 710 praccepta
1005 635 1145 708 repetere.
1231 631 1233 638 '

292 740 374 824 Quae
398 740 454 806 sibi
477 739 599 805 haheat!
632 737 721 822 Quod
745 751 841 803 autem
858 738 897 802 ad
913 735 1073 802 secundum
1097 736 1237 802 Novellae

224 870 413 945 praeceptum
436 858 565 944 respicit,
590 855 775 921 lustinianus
801 855 926 920 hancei
950 856 1153 941 quaestionem
1177 864 1238 916 tra-

225 987 318 1040 ctasse
334 974 463 1050 videtur,
488 973 641 1060 quomodo
657 970 877 1060 procedendum
895 974 942 1047 sit,
967 972 992 1034 si
1009 967 1158 1035 debitores
1173 970 1237 1032 vice

223 1103 328 1156 mutua
349 1087 543 1176 fidejubentes
560 1091 732 1176 scripserint
755 1087 882 1152 »dehere
900 1109 931 1151 se
948 1086 1046 1151 decern
1063 1084 1155 1162 Titio,
1179 1105 1235 1171 pro

225 1205 334 1294 quibus
358 1208 420 1270 vice
443 1218 547 1269 mutua
573 1207 604 1269 in
631 1203 758 1268 solidum
788 1204 978 1290 fidejussores
1002 1223 1066 1266 esse
1083 1187 1267 1277 'vettent«,⁸.

224 1323 255 1386 h.
273 1344 298 1386 e.
315 1325 340 1385 si
356 1343 458 1386 vocem
483 1318 698 1384 »insolidum«
716 1320 915 1409 fidejussioni
928 1329 1053 1384 mutuae
1068 1315 1236 1404 adjecerint,

225 1436 426 1523 principaliter
454 1447 551 1498 eutem
578 1441 636 1521 pro
661 1432 795 1497 virilibus
823 1436 915 1497 teneri
944 1427 1111 1519 pergant⁵).
1136 1411 1237 1496 ‘Ante

225 1547 418 1614 Noveltamt
446 1571 480 1612 ca
502 1547 627 1636 adjectio
652 1570 713 1636 arg.
731 1549 764 1612 L.
782 1545 802 1612 3
826 1545 860 1612 C.
878 1547 913 1610 de
935 1546 1102 1633 fidejussor.
1127 1547 1236 1612 nullius

225 1667 366 1730 momenti
384 1663 449 1741 luit,
470 1667 559 1751 »quia
576 1676 605 1728 ct
620 1686 686 1728 eum
701 1663 760 1727 hoc
776 1685 836 1728 nou
852 1661 1016 1749 adjiciatur,
1035 1657 1237 1747 (fidejussores
1272 1635 1277 1642 ’

226 1777 335 1862 mutui)
353 1780 462 1868 singuli
478 1793 575 1846 tamen
591 1783 621 1844 in
638 1777 765 1844 solidum
782 1791 950 1856 tenentur«,
975 1789 1046 1863 post
1060 1799 1122 1840 eam
1140 1789 1237 1842 aretem

226 1897 443 1985 promulgatam
459 1900 626 1985 quaesitum
642 1909 696 1973 cst,
720 1919 818 1960 nonne
836 1896 899 1982 ejus
917 1893 1089 1982 adjectionis
1105 1893 1172 1957 finis
1189 1896 1236 1970 sit,

225 2025 261 2079 ut
288 2011 463 2077 beneficium
492 2015 677 2078 excussionis
707 2025 809 2077 cesset.
855 2010 945 2076 Nam:
975 2010 1159 2098 »Postquam
1188 2011 1237 2096 jus

227 2129 381 2196 creditoris
404 2151 496 2194 unum
519 2133 550 2193 in
573 2127 702 2193 solidum
731 2129 857 2216 eligendi
884 2125 1027 2192 beneficio
1051 2129 1237 2191 excussionis

226 2245 264 2311 ad
278 2249 393 2311 irritum
409 2244 563 2311 reductum
580 2258 633 2322 cst,
659 2244 820 2309 dummodo
838 2256 1007 2332 praesentes
1023 2246 1083 2308 sint
1098 2242 1239 2308 condebi-

225 2374 316 2439 tores,
340 2385 401 2426 non
424 2363 550 2450 amplius
574 2361 724 2448 superflua
748 2373 776 2425 et
790 2360 904 2426 inutilis
920 2361 986 2425 talis
1003 2360 1128 2446 adjectio
1145 2360 1238 2424 videri

225 2471 384 2566 potest⁶ls
411 2517 446 2526 -
474 2477 717 2544 Controversiam
742 2475 861 2555 deinde,
889 2489 990 2542 utrum
1014 2500 1048 2542 ca
1074 2477 1238 2564 adjectione

226 2591 302 2659 lacta
317 2592 490 2659 beneficium
511 2597 696 2660 excussionis
712 2607 806 2658 cesset
819 2616 920 2672 necne,
944 2592 981 2658 ab
996 2593 1174 2681 lmperatore
1198 2595 1239 2657 ita

228 2708 321 2774 decidi
345 2703 480 2789 sentit⁷),
505 2722 540 2773 ut
555 2723 674 2796 paetum
691 2709 810 2797 quidem
826 2722 945 2773 mutuae
961 2708 1160 2795 fidejussionis
1177 2731 1239 2772 scr·

227 2823 357 2887 randum
379 2827 420 2887 sit
435 2819 676 2907 (φυλάττεσθαι
693 2825 754 2906 μὲν
770 2819 806 2887 cd
824 2821 1022 2908 σύμφωνον),
1046 2823 1238 2910 quamobrem

228 2936 366 3004 creditori
389 2941 504 3002 iuterim
528 2959 675 3025 quemque
698 2934 860 3001 secundum
883 2950 996 3023 partem
1019 2950 1149 3015 tanturn,
1180 2961 1237 3024 pro

228 3074 287 3140 qua
311 3051 460 3140 obligatus
484 3055 536 3130 sit,
566 3074 661 3138 neque
684 3055 782 3116 statim
806 3050 987 3116 insolidum
1014 3055 1131 3141 exigere
1154 3053 1239 3120 liccat

164 3173 171 3188 '
228 3165 301 3249 (odae
323 3163 426 3242 εὐθὺς
534 3159 736 3251 ἒνέχεταιῗ),
764 3166 830 3245 sed,
860 3191 897 3232 ne
925 3166 992 3232 talis
1023 3169 1147 3256 adjectio
1176 3191 1239 3235 crc-

226 3279 440 3292 ...-...-—-

280 3325 302 3392 ⁴)
321 3322 385 3378 Vide
396 3323 470 3377 verba
482 3323 657 3394 φυλάττεσθαι
666 3357 677 3367 -
686 3325 806 3395 turpetur.
834 3323 883 3378 cfr.
897 3323 1020 3378 liedelrind
1035 3325 1049 3395 §
1062 3325 1105 3380 79.
1117 3324 1160 3392 82,
1179 3327 1202 3380 l.
1212 3325 1237 3381 3.

280 3423 303 3490 ⁸)
322 3419 446 3475 liedclrind
457 3438 482 3492 p.
493 3420 551 3475 161.
561 3439 598 3474 nr.
610 3422 633 3475 l.
645 3451 678 3462 ——
687 3419 709 3489 ⁶)
718 3420 842 3476 liedeldnd
855 3439 878 3492 p.
890 3421 949 3476 162.
959 3453 992 3464 -
1003 3423 1024 3491 7)
1034 3422 1156 3477 lledelrind
1171 3423 1237 3494 §dd

280 3517 303 3587 ⁸)
320 3517 446 3573 lledelrlud
464 3517 533 3587 581.
547 3517 590 3574 82.
623 3521 719 3572 Auctor
736 3521 810 3592 igitur
828 3518 906 3573 verbis
929 3520 976 3574 οὔκ
998 3522 1077 3581 εὐθὺς
1090 3560 1113 3576 ..
1127 3524 1238 3594 desperes

227 3617 369 3672 sententiam
387 3616 566 3682 intermediam,
590 3635 639 3688 que
659 3615 751 3670 indoles
771 3626 870 3671 mutuae
892 3617 1055 3689 fidejussionis
1073 3619 1237 3691 (σὺμῳωνον)

227 3715 387 3780 describetur,
410 3715 436 3767 in
457 3732 551 3768 morem
568 3715 777 3768 Burchardianum
801 3715 857 3769 dicit
879 3716 969 3781 inesse,
994 3733 1073 3786 neque
1094 3717 1237 3770 uncinarem

227 3813 275 3866 isto
297 3811 404 3867 remedio
428 3829 454 3866 se
477 3812 600 3866 abstinuit.
641 3812 681 3866 Ad
706 3812 809 3866 eundem
833 3814 973 3882 scriptorem
995 3812 1176 3883 quodammodo
1198 3811 1238 3866 vel

168 3930 171 3936 ·
227 3926 310 3964 revera
327 3911 431 3980 pertinet
447 3910 494 3963 ista
512 3911 636 3982 cogitatio,
662 3927 724 3980 quae
747 3911 809 3963 inter
822 3909 865 3980 jus
884 3919 938 3964 ante
956 3917 980 3964 ct
997 3918 1054 3982 post
1070 3911 1237 3968 lastinianum

227 4006 376 4064 custoditum
394 4005 522 4062 diserirncn
539 4005 639 4080 aliquod
656 4006 795 4063 interfuisse
813 4015 941 4063 assereret.
