2936 4554
647 251 807 393 Q

221 477 312 539 tionis
341 487 371 538 et
397 477 551 540 exactione
579 473 733 539 creditoris
761 476 930 561 inspecta«
958 487 992 540 ut
1014 462 1154 562 Cujacius
1177 476 1235 540 ele·

221 603 326 679 gauter
348 589 563 666 animadvertit,
587 590 661 654 alter
677 612 734 677 pro
750 589 841 654 altero
858 589 1006 678 obligatus
1023 612 1086 655 esse
1104 590 1232 656 videtur.

220 706 260 772 Et
283 705 408 793 denique
426 707 589 792 Imperator
611 708 637 769 si
659 718 718 770 tam
742 705 831 782 bunc,
856 727 943 793 quam
960 706 1041 770 illum
1058 727 1157 770 casum
1182 727 1234 792 pa-

220 824 293 916 riter
313 820 455 886 beneficio
478 820 633 886 divisionis
651 820 831 909 explanavit,
855 820 929 908 quid
944 820 1073 886 creditor
1091 823 1234 908 conqueri

203 945 329 1025 potest,
353 940 405 1025 qui
429 935 562 1001 fraudem
577 939 765 1012 commiserit,
789 935 862 1023 quid
879 957 956 1013 reus,
981 939 1034 1024 qui
1049 918 1150 1000 revera
1167 939 1234 1023 qui-

221 1052 286 1118 dem
301 1074 358 1140 pro
381 1074 485 1118 correo
509 1050 661 1117 obnoxius
684 1054 737 1128 sit,
763 1051 815 1119 sed
837 1073 891 1120 sua
915 1065 1022 1142 sponte
1045 1074 1076 1118 se
1099 1071 1248 1121 comeumv

221 1167 428 1234 constituerit?
713 1158 732 1176 ⁸
906 1235 910 1240 ,
983 1161 990 1188 ²
1045 1163 1048 1172 '

289 1281 369 1366 Quid
396 1287 488 1371 igitur
509 1287 632 1359 mirum,
663 1281 746 1370 quod
763 1283 825 1368 jam
849 1277 1045 1366 Marcellus¹²l
1069 1286 1232 1372 inquisivit,

221 1421 260 1464 an
282 1401 391 1464 correis
414 1397 540 1463 debendi
562 1397 736 1463 beneficium
759 1396 915 1463 divisionis
944 1397 1156 1486 indulgendum
1184 1403 1232 1476 sit,

221 1535 310 1602 quam
334 1515 550 1601 quaestionem,
581 1513 650 1578 licet
672 1513 707 1579 de
729 1513 867 1601 pluribus
890 1512 1097 1579 venditoribus
1120 1515 1234 1578 locato-

220 1627 363 1717 ribusque
385 1632 416 1693 in
437 1629 566 1694 solidum
590 1627 744 1716 obligatis,
776 1628 812 1694 de
834 1629 931 1694 bonae
953 1627 1021 1692 lidei
1043 1631 1135 1716 igitur
1158 1627 1235 1693 obli·

220 1743 394 1833 gationibus
416 1736 539 1832 agata),
567 1747 609 1808 ita
631 1757 728 1810 tamen
752 1743 875 1822 decidit,
899 1757 935 1808 ut
957 1745 1086 1829 »justius
1109 1742 1234 1808 sortasse

221 1865 290 1937 sit,«
318 1861 487 1926 electionem
511 1860 650 1926 creditori
671 1882 733 1925 non
756 1860 874 1938 auferri,
897 1859 1071 1925 beneficium
1094 1881 1165 1949 ergo
1189 1862 1234 1924 in-

221 1978 374 2063 iquitatem
397 1975 545 2064 quandam
568 1975 676 2042 habere
699 1977 844 2043 videatur.
882 2041 885 2046 ,
953 2051 955 2058 1

287 2090 381 2158 Nemo
404 2091 525 2181 negabit
545 2093 609 2158 lieri
632 2095 776 2180 potuisse,
799 2104 835 2157 ut
848 2091 1034 2157 lastinianus
1058 2091 1139 2156 chis
1153 2091 1235 2156 Mar·

221 2207 283 2273 celli
320 2221 350 2274 et
381 2207 536 2296 Papiniani
569 2207 741 2297 fragmentis
774 2209 957 2273 occasionem
992 2206 1064 2295 legis
1098 2205 1234 2271 serendae

220 2324 362 2402 hauserit,
387 2346 462 2413 quae
485 2327 654 2414 conjectura
670 2338 730 2390 tam
746 2346 781 2390 eo
798 2323 926 2400 fulcitur,
951 2321 1034 2410 quod
1048 2321 1234 2387 lustinianus

220 2443 251 2505 in
265 2445 430 2527 prooemio,
456 2441 491 2508 dc
507 2464 568 2530 quo
589 2444 748 2531 loquimur,
773 2441 915 2516 similiter,
940 2451 975 2504 ut
991 2438 1158 2514 Marcellus,
1182 2437 1235 2504 bc·

220 2556 355 2622 ucficium
379 2556 534 2623 divisionis
558 2561 667 2625 correis
686 2557 914 2644 impertiendum
929 2555 1063 2621 electioni
1080 2553 1234 2620 creditoris

220 2675 374 2759 opposuit,
399 2693 487 2759 quam
508 2676 545 2737 iis
560 2673 658 2738 verbis
674 2672 897 2747 corroboratur,
922 2671 1031 2758 quibus
1047 2669 1234 2736 lastinianus

220 2789 252 2850 in
279 2786 314 2851 L.
337 2787 391 2851 ult.
417 2785 451 2852 C.
475 2787 511 2850 de
541 2800 635 2853 const.
667 2807 753 2874 pecu.
781 2786 919 2873 pluribus
947 2788 1073 2851 alienum
1102 2785 1233 2851 debitum

213 2901 309 2967 simul
332 2900 581 2966 constituentibus
603 2902 634 2965 id
658 2900 801 2964 auxilium
826 2899 916 2975 dedit,
940 2912 970 2964 at
985 2902 1017 2964 in
1034 2898 1144 2986 quibus
1168 2922 1234 2965 seu·

220 3017 342 3082 tentiam
374 3016 531 3102 Papiniani
565 3015 712 3081 laudatam
747 3007 952 3096 adhibuit¹¹),
992 3017 1233 3082 constitutionem

216 3133 329 3219 justam
352 3131 533 3198 redditurus.

288 3247 349 3314 Sed
372 3247 498 3314 lormssc
521 3250 637 3312 occasio
659 3247 732 3334 legis
748 3244 866 3312 aliunde
882 3246 1061 3312 desumenda
1076 3259 1131 3312 cst.
1165 3247 1235 3314 Ete-

220 3367 281 3430 nim
302 3364 489 3431 lustinianus
513 3366 717 3430 consumtionc
739 3364 923 3449 prooessuali
944 3385 998 3452 per
1020 3364 1054 3429 L.
1071 3363 1115 3430 28
1139 3361 1173 3430 C.
1198 3363 1235 3431 dc

220 3507 434 3522 *-

274 3568 308 3638 ¹²)
330 3569 359 3623 t.
372 3567 408 3622 47
425 3565 496 3621 locati
513 3564 557 3620 cfr.
574 3565 604 3626 L.
620 3561 652 3620 13
672 3563 698 3620 G.
718 3565 772 3619 eod.
802 3595 835 3605 -
865 3564 896 3634 ¹³)
914 3566 981 3622 Diss.
999 3582 1054 3622 mea
1072 3567 1111 3620 eit.
1130 3564 1200 3635 §tu

275 3665 308 3731 14)
331 3666 487 3738 »Aequitatis
506 3665 570 3718 enim
588 3664 648 3718 ratio
667 3664 774 3719 diversas
792 3665 883 3736 species
898 3664 997 3718 actions
1015 3661 1082 3718 nullo
1096 3663 1170 3718 modo
1190 3681 1234 3719 ex·

220 3761 314 3817 cludere
327 3763 426 3828 debet«,
446 3762 536 3834 quibus
548 3760 627 3816 verbis
639 3761 677 3815 bic
690 3779 777 3816 sensus
789 3760 857 3815 latet:
876 3762 933 3832 quia
945 3763 1116 3814 constitutores
1128 3762 1233 3832 perinde,

220 3878 247 3912 ac
259 3859 414 3931 fidejussores
427 3868 451 3914 et
462 3859 622 3924 mandatores,
634 3877 678 3930 pro
691 3857 743 3912 aliis
757 3858 875 3913 debitores
887 3858 943 3912 lacti
956 3865 1022 3924 sunt,
1035 3859 1160 3929 aequitatis
1173 3860 1233 3913 ratio

220 3973 270 4012 uon
287 3959 411 4030 permittit,
429 3964 458 4012 ut
475 3965 574 4014 externa
586 3959 686 4014 aetionis
703 3957 839 4016 diversitate
851 3956 978 4014 discrimen
993 3958 1056 4010 inter
1073 3972 1115 4011 eos
1134 3957 1233 4014 oriatur,
