2936 4554
240 494 351 560 nullius
373 497 514 560 momenti
537 517 609 562 esse.
648 496 744 564 Porro
768 513 866 566 numm
881 513 945 558 vox
961 491 1062 570 ‘tab‘
1086 511 1161 579 quse
1174 501 1252 557 recte

242 608 398 675 aReitzio
423 610 557 676 »Etiam«
580 611 695 679 reddita
718 628 772 694 est,
801 608 939 686 ostendit,
963 609 1043 673 hunc
1066 629 1164 672 casum
1189 607 1252 671 aliis

240 725 288 789 vel
318 729 422 792 ceteris
449 728 634 807 antecellere,
665 751 741 818 quae
768 753 816 797 res
845 752 877 796 se
906 731 948 792 ita
976 747 1038 790 nou
1060 721 1197 801 baberet,
1227 723 1251 786 si

239 840 388 906 Reitzium
414 865 614 931 sequeremur.
659 846 761 935 ltaque
779 848 861 934 juste
884 845 1059 931 accipimus,
1089 839 1254 903 Harmeno-

239 956 353 1044 pulum,
377 962 488 1047 quippe
511 964 562 1047 qui
580 963 659 1048 juris
681 962 858 1029 iustinianei
877 960 1069 1027 summarium
1093 955 1252 1042 scripserit,

241 1093 341 1139 casum
362 1071 468 1140 L.17.
490 1074 545 1160 §2
569 1077 608 1142 ad
630 1076 680 1144 Sc.
697 1080 771 1145 Vell.
796 1075 938 1161 (aMulier
960 1088 989 1140 et
1011 1073 1111 1138 Titius
1135 1075 1200 1135 cum
1221 1072 1254 1134 in

240 1211 300 1254 rem
317 1211 500 1257 communem
524 1206 740 1273 mutuarentur,
766 1194 827 1260 duo
849 1197 891 1260 rei
908 1185 1095 1270 lactisunt«)
1111 1189 1254 1252 iumento

240 1304 390 1383 habuisse,
415 1310 483 1372 etsi
500 1311 566 1394 quis
583 1307 712 1395 objiciat,
736 1307 986 1384 »decollandus«
1002 1305 1040 1370 ad
1056 1304 1148 1369 solam
1164 1323 1255 1389 pecu-

241 1422 307 1484 niae
335 1425 568 1488 numerationem
590 1426 752 1512 pertinere,
781 1424 812 1489 id
834 1437 894 1490 tam
917 1434 1019 1511 potest
1039 1421 1155 1507 negari,
1184 1420 1255 1505 quia

242 1534 491 1611 ›deverterunt‹
514 1541 689 1627 generaliter
703 1543 871 1605 »mutuari«
889 1537 1044 1627 significat,
1068 1555 1156 1623 quam
1178 1536 1255 1599 inter

243 1673 345 1717 omnes
364 1666 489 1733 constat,
507 1677 593 1721 usum
605 1657 806 1745 stipulationis
821 1659 851 1720 in
870 1652 1080 1729 contractibus,
1097 1651 1133 1715 de
1148 1661 1253 1714 mutuo

241 1766 393 1834 reddendo
409 1773 499 1848 initis,
523 1771 597 1837 adeo
613 1771 795 1861 frequentem
812 1770 912 1849 luisse,
935 1783 971 1836 ut
993 1791 1057 1834 eam
1078 1789 1139 1832 non
1159 1786 1253 1841 secus,

242 1906 276 1948 ac
312 1890 544 1953 numerationem
581 1891 723 1976 pecuniae
756 1887 977 1975 subintelligere
1010 1885 1104 1950 liceat.
1151 1880 1254 1947 Omnis

238 2014 338 2066 autem
371 2001 518 2069 dubitatio
547 2004 700 2070 Aduerbio
731 1997 981 2090 (ἄλληλεγγύως)
1010 1999 1125 2087 adjecto
1154 1996 1255 2062 exclu-

243 2115 332 2196 ditur,
361 2117 397 2184 de
420 2141 481 2208 quo
505 2123 654 2209 respicias,
680 2143 755 2209 quae
778 2113 900 2209 supra⁶)
924 2119 1105 2205 scripsimus.
1153 2110 1161 2118 ⁷

307 2235 341 2299 ll.
375 2235 575 2324 Theophanes
591 2234 825 2326 (chronograph.
842 2239 872 2302 in
887 2233 1010 2323 Nicepb.
1027 2255 1054 2298 a.
1072 2226 1105 2314 8)
1122 2229 1158 2295 de
1175 2226 1256 2296 Con·

242 2353 372 2416 stantius
396 2351 565 2441 Nicephoro
590 2354 663 2418 haec
684 2354 799 2419 retulit:

354 2466 508 2554 δευτέραν
535 2465 596 2535 οὖν
623 2467 719 2560 ταύτῃ
746 2469 880 2536 adeonae
908 2468 1081 2545 συνέταξεν
1103 2457 1256 2550 στρατεύ-

354 2585 454 2648 εσθαι
481 2581 621 2667 πτόχοος
646 2583 953 2664 castrametemur
976 2577 1066 2670 παρὰ
1088 2583 1154 2646 τῶν
1176 2575 1257 2663 ὃμο-

353 2693 469 2785 χώρων
497 2702 699 2785 παρέχοντας
727 2704 782 2765 καὶ
810 2697 876 2768 eiad
907 2694 1120 2766 c'xeoacaideaoe
1142 2697 1256 2779 ropio-

353 2836 441 2896 ματα
463 2814 507 2900 οῷ
530 2813 673 2901 δημοσίῳ
696 2820 751 2878 καὶ
773 2810 1000 2901 α’λληλεγγύας
1021 2809 1062 2877 cel
1087 2811 1234 2897 δημόσια,

243 2948 319 3014 quae
341 2931 371 2993 in
395 2928 524 2994 editione
546 2929 705 2995 Parisiensi
728 2952 758 3016 p.
774 2927 838 2994 tlt
864 2932 907 2994 sic
928 2929 1071 2993 translata
1093 2940 1178 2993 sunt:

355 3043 428 3108 »His
462 3045 620 3110 secundam
654 3045 793 3133 adjunxit
826 3043 1038 3121 offensionem,
1073 3041 1256 3130 pauperibus

355 3161 472 3226 militiae
496 3159 622 3226 adscribi
646 3174 675 3227 et
697 3183 715 3226 a
738 3160 908 3226 concivibus
928 3161 1015 3224 armis
1032 3161 1141 3224 instrui
1152 3160 1256 3245 jussis,

354 3279 405 3364 qui
429 3278 565 3342 nimirum
588 3299 643 3366 per
664 3277 799 3366 singulos
822 3278 958 3342 homines
979 3274 1142 3341 octodecim
1157 3286 1187 3340 et
1201 3295 1258 3362 pu·

354 3391 430 3457 blica
451 3391 564 3460 tributa
585 3416 666 3462 unce
687 3395 722 3458 io
744 3394 871 3460 alterius
890 3394 989 3459 vicem
1006 3391 1128 3480 publico
1144 3393 1256 3458 aerario

357 3509 545 3596 penderent«

244 3646 320 3713 quae
334 3626 538 3713 interpretatio
554 3626 641 3714 plane
656 3625 878 3715 comprobanda
894 3639 948 3692 est.
968 3662 1004 3674 —
1027 3624 1085 3710 Qui
1103 3626 1182 3712 juris
1206 3623 1258 3689 ali·

244 3762 332 3829 quam
356 3744 506 3807 existimat
527 3745 670 3807 rationem
694 3742 741 3806 his
760 3741 858 3807 verbis
881 3745 985 3819 inesse,
1009 3763 1076 3805 eum
1100 3739 1258 3805 concedere

244 3869 375 3944 oportet,
399 3858 471 3923 illud
496 3853 759 3943 »dllplayre'ora«
782 3857 831 3922 hic
853 3856 890 3922 de
912 3878 1053 3944 expressa
1067 3855 1258 3942 fidejussione

246 3967 458 3980 ———.-

299 4011 323 4079 ο)
346 4011 396 4067 ee.
415 4011 485 4084 sae.
