2936 4554
610 329 771 432 21⁷...

181 515 283 603 Itaque
298 514 442 601 sequitur,
465 511 662 588 Aduerbium,
688 511 723 576 de
740 534 800 600 quo
817 515 941 601 egimus,
966 515 1004 580 ad
1019 517 1115 582 scium
1130 517 1197 584 Ad-

177 632 320 719 jectirum
344 624 589 705 »ῧπευθύνουςι
612 630 773 715 pertinere,
803 629 994 717 quodetiam
1023 631 1062 698 oh
1085 633 1194 711 locum,

181 745 235 813 ubi
257 745 433 813 collocatum
456 747 647 834 conspicitur,
670 749 867 810 necessarium
890 759 944 812 est.

248 861 289 929 Ut
308 866 401 953 igitur
416 867 475 928 rim
499 876 587 951 atque
610 860 744 926 effectum
766 861 985 947 conjunctionis
999 862 1144 930 Adverbii
1167 877 1197 931 et

181 978 329 1066 Adjeetivi
356 983 451 1068 magis
479 981 669 1068 perspicuum
699 976 823 1056 habeas,
860 977 944 1043 valde
973 979 1109 1067 proderit
1138 1002 1195 1069 ope

98 1153 99 1158 ,
181 1098 325 1162 sermonis
347 1096 446 1163 Latini
472 1109 502 1162 et
524 1095 642 1183 linguae
666 1091 854 1160 Germanicae
876 1115 938 1159 rem
967 1107 1100 1161 nostrum
1127 1096 1196 1162 illu·

180 1224 289 1289 etrare,
317 1234 407 1300 quem
437 1216 469 1277 in
496 1211 584 1277 finem
612 1232 628 1274 c
656 1230 780 1275 numero
811 1211 1014 1298 exemplorum
1041 1211 1193 1278 indefinito

179 1328 271 1394 hocce
294 1328 451 1416 elegimus,
481 1327 565 1412 cujus
589 1347 604 1389 e
627 1323 722 1390 forma
745 1323 901 1390 medelitas
923 1325 1068 1392 Adverbii
1095 1331 1195 1394 statim
1267 1349 1269 1354 ·

181 1455 211 1509 et
234 1447 354 1531 penitus
376 1453 586 1530 pernoscatur:
613 1439 647 1506 Si
670 1443 737 1527 quis
761 1444 910 1527 captivum
933 1445 1101 1530 quempiam
1125 1442 1196 1508 »de-

181 1563 321 1626 cussatim
349 1561 501 1624 vinctum«
535 1555 621 1633 dicit,
655 1577 717 1621 non
752 1555 837 1634 dicit,
873 1577 940 1620 eum
974 1556 1194 1622 »decussatim«

181 1699 246 1742 esse
268 1687 298 1741 et
318 1697 386 1741 eum
409 1675 562 1738 »vinctum
585 1693 684 1749 esse«,
709 1671 762 1736 sed
785 1670 865 1749 dicit,
890 1693 956 1737 eum
979 1675 1043 1738 »ita
1063 1675 1194 1738 vinctum

182 1815 281 1870 esse«,
304 1804 340 1857 ut
355 1790 552 1856 »decussatim
566 1792 684 1853 vinctus
699 1790 769 1853 sit«.
793 1785 943 1865 Similiter,
968 1791 993 1852 si
1017 1789 1075 1854 hoe
1096 1811 1195 1855 exem·

180 1909 263 1996 plum
296 1911 327 1973 in
359 1908 462 1996 lingue
490 1904 647 1971 vernacula
679 1903 850 1970 redditurus
884 1906 1033 1991 captivum
1068 1905 1194 1993 aliquem

181 2025 369 2090 »kreuzweis
390 2021 547 2113 grieseeit«
563 2020 646 2099 dieis,
672 2043 738 2086 eum
758 2041 821 2085 non
837 2019 909 2086 dicis
925 2023 1053 2107 primum
1068 2021 1195 2086 »irenz-

181 2143 274 2206 weis‹
297 2163 375 2217 esse,
404 2152 468 2205 tum
497 2151 593 2204 cutem
617 2139 710 2202 etium
738 2134 913 2224 »gefessett«
942 2158 1021 2214 esse,
1050 2135 1104 2202 sed
1127 2158 1194 2202 eum

181 2261 243 2322 »ita
273 2255 410 2346 geiesselt
441 2276 523 2322 esse«
557 2253 719 2342 significes,
757 2264 792 2317 ut
826 2252 885 2317 hoc
914 2250 1078 2320 »Gesesselt
1110 2254 1194 2317 sein«

181 2374 368 2439 »kreuzweis
390 2393 476 2437 esse«
499 2370 645 2437 videatur.

249 2488 332 2573 Quae
354 2510 421 2554 cum
443 2491 485 2552 ita
507 2489 576 2564 sint,
600 2477 824 2571 ἅλληλεγγύως
845 2478 1036 2561 ὑπεύθυνοι,
1059 2487 1145 2550 etium
1169 2487 1194 2550 si

180 2599 302 2685 irruere
316 2604 354 2669 ud
369 2603 490 2670 medum
505 2603 706 2688 fidejussionis
724 2603 903 2689 singularem
919 2614 1074 2689 spectaret,
1095 2613 1195 2666 tumen

228 2719 256 2785 1.
290 2741 387 2807 neque
402 2721 503 2786 correi
516 2721 582 2784 uice
595 2727 704 2781 metica
719 2717 923 2806 fidejussores
943 2718 974 2782 h.
992 2739 1017 2781 e.
1034 2719 1127 2781 correi
1143 2717 1195 2780 de·

291 2833 382 2898 bendi
411 2845 442 2899 et
464 2837 527 2898 rice
555 2845 660 2896 mutue
687 2829 893 2915 fidejussores,
924 2835 975 2918 qui
1005 2834 1108 2919 potius
1132 2825 1194 2897 eicie

292 2944 474 3014 ὑπεύθυνοι
496 2950 550 3012 eat
572 2941 784 3031 ἆλληλέγγυω
806 2944 948 3033 appellari
972 2944 1152 3022 debuissent,

226 3064 257 3129 2.
291 3085 388 3151 neque
415 3065 464 3128 rei
490 3062 669 3149 eiceplice'ter
690 3083 753 3147 pro
773 3070 867 3146 parte
895 3059 1023 3146 ottiqatt
1049 3071 1079 3125 et
1103 3061 1198 3126 eimd

292 3180 422 3244 inuicem
443 3178 664 3269 fidejubectes,
694 3179 746 3264 qui
773 3174 877 3240 iisdem
901 3173 1054 3241 vocabulis
1082 3176 1195 3264 signifi-

293 3294 379 3360 candi
402 3293 535 3372 fuissent,

227 3411 256 3478 3.
291 3431 387 3499 neque
404 3410 522 3475 »mutui
528 3409 767 3500 fidejussores«,
792 3403 1016 3494 ἅλληλέγγυοι,
1039 3419 1091 3473 aut
1105 3429 1193 3472 rme·

292 3537 348 3592 tue
363 3525 567 3617 fidejussione
587 3524 747 3611 obliqui«,
771 3517 862 3608 παρὰ
881 3518 1059 3610 (ἀλλήλων)
1082 3519 1196 3607 ἐγγύης

293 3638 485 3717 ὑπεύθυνοι,

182 3759 234 3824 sed
256 3758 333 3824 tales
353 3759 401 3823 rei
421 3766 501 3841 mcc,
525 3756 631 3845 quales
652 3756 746 3822 simul
765 3757 894 3822 inuicem
910 3778 974 3842 pre
992 3778 1026 3821 re
1047 3755 1194 3820 securita-

182 3885 243 3938 tem
264 3873 409 3939 creditoci
425 3883 594 3960 praestent,
617 3872 649 3937 h.
665 3895 691 3937 e.
708 3873 762 3960 qui
782 3868 828 3938 iit
849 3873 897 3936 rei
917 3873 987 3953 sict,
1010 3869 1045 3936 ui
1064 3871 1195 3956 invicem

183 3989 261 4056 atter
277 4011 340 4078 pro
364 3987 460 4054 altere
483 3983 631 4054 obnoxius
653 3989 700 4053 sit.
859 3962 862 3970 ¹
