2936 4554
686 324 846 429 ..ii-

260 517 358 573 tamen
386 503 528 573 beneficio
550 505 601 572 iilo
625 520 745 594 accepto
768 507 989 594 fidejussionem
1017 508 1161 574 internam
1185 519 1274 600 atque

260 627 398 690 incertam
427 627 456 688 in
478 623 699 709 fidejussionem
722 636 873 690 externam
897 636 986 712 atque
1010 636 1118 689 certam
1142 613 1274 690 commu-

259 741 343 804 tarit.
377 737 564 822 Quinetiam
588 733 739 820 statuitu)
763 761 892 816 comem,
917 738 999 827 quod
1023 739 1062 804 ad
1083 743 1273 827 exceptiones

260 875 275 917 e
297 857 340 918 rei
362 855 532 942 principalis
554 875 684 941 persona
705 853 875 941 fidejussori
895 868 1094 944 competentes
1117 860 1271 944 pertineat,

258 969 469 1056 fidejussorum
491 971 589 1034 iocum
612 983 722 1034 tenere.
765 973 768 982 ’

324 1085 426 1173 ltaque
449 1084 562 1150 Bartoli
586 1083 833 1172 explicationibus
856 1097 963 1151 nature
985 1088 1168 1173 quaestionis
1191 1089 1271 1153 omni

258 1198 349 1264 modo
382 1181 525 1266 conversa
559 1222 593 1265 ae
627 1200 751 1266 eoniusa
780 1212 843 1266 erat
875 1212 906 1266 et
939 1195 1120 1288 Cujacius¹¹)
1154 1201 1271 1267 demum

258 1337 321 1381 eam
349 1318 380 1380 in
411 1329 520 1382 statum
549 1319 679 1404 priorem
713 1317 836 1404 redegit.
890 1315 966 1382 Nam
999 1339 1138 1406 expresse
1171 1329 1269 1405 negat,

258 1453 377 1497 correns
405 1455 462 1519 pro
493 1434 570 1498 veris
603 1431 831 1518 fidejussoribus
865 1432 1051 1520 accipiendos
1085 1454 1164 1510 esse,
1200 1431 1271 1497 dicit

257 1559 354 1613 sutem
377 1569 429 1614 eos

369 1663 499 1754 »effectu
525 1664 721 1751 obliyota‘ona‘e
749 1677 779 1729 et
809 1664 969 1730 creditoris
996 1665 1116 1730 actione
1137 1665 1271 1751 inspecta

367 1782 491 1845 invicem
519 1778 695 1866 fidejubere,
725 1779 792 1845 licet
819 1778 851 1844 id
879 1779 989 1845 dictum
1016 1801 1079 1845 non
1106 1782 1146 1844 sit
1173 1783 1270 1845 norni-

367 1898 473 1972 natim‚
505 1899 575 1983 qnia
603 1895 736 1960 solidam
764 1896 848 1981 enipi
868 1905 979 1981 potest.
1024 1894 1154 1982 ideoque
1182 1899 1268 1960 etin

368 2009 433 2076 SC⁰
455 2011 559 2098 Vellej.
579 2013 603 2074 si
627 2011 732 2076 mulier
754 2023 784 2076 et
798 2011 898 2076 Titius
922 2010 983 2075 duo
1006 2014 1049 2076 rei
1071 2013 1182 2098 accepti
1204 2008 1269 2075 fue·

367 2129 440 2204 rint,
468 2127 573 2194 mulier
594 2126 714 2192 videtur
735 2129 935 2193 intercessisse
957 2127 992 2191 L.
1012 2124 1062 2191 tt.
1083 2123 1102 2208 ἓ
1122 2125 1143 2190 2
1167 2128 1215 2190 cit.
1239 2138 1268 2190 et

366 2244 423 2307 hac
449 2264 570 2330 quoque
597 2246 712 2308 ratione
742 2265 759 2306 a
787 2241 906 2308 Graecis
937 2262 1053 2329 semper
1082 2241 1268 2328 appellantur

276 2411 278 2416 .
367 2351 596 2442 ἅλληλέγγυοι,
620 2359 688 2423 licet
714 2361 876 2445 expressim
899 2360 962 2422 vice
985 2370 1088 2422 mutua
1110 2379 1173 2421 non
1194 2355 1268 2420 iide-

361 2473 507 2559 jusserint
533 2510 569 2522 -
597 2471 676 2556 Quin
704 2475 759 2539 etsi
787 2511 821 2522 -
850 2472 963 2540 habent
989 2472 1162 2538 beneficium
1190 2471 1268 2536 divi-

367 2591 486 2653 sionis«

253 2705 354 2793 Atque
377 2695 475 2785 aiio¹⁸)
498 2704 564 2769 loco
588 2707 644 2770 ait:

366 2833 416 2886 »et
439 2843 456 2885 a
480 2819 599 2886 Graecis
623 2859 659 2870 -
685 2819 825 2886 dicuntur
847 2816 1071 2905 cittpitrrooc,
1098 2842 1160 2886 non
1182 2819 1268 2908 quod

364 2941 427 3003 vice
450 2949 553 3002 mutua
570 2936 761 3023 fidejussores
779 2940 847 3014 sint,
872 2939 986 3000 etiarnsi
1008 2936 1040 3001 id
1062 2931 1180 3001 cautum
1203 2959 1265 3000 non

364 3057 419 3131 sit3
444 3052 495 3118 sed
520 3053 602 3140 quod
626 3075 663 3116 oc
685 3053 713 3116 ei
734 3065 833 3117 essent
849 3054 911 3116 rice
930 3063 1033 3117 mutua
1047 3051 1264 3138 fidejussores«

319 3167 370 3234 Sic
392 3169 605 3254 elegantissime
629 3165 768 3252 anaeins
792 3170 906 3232 statuit.
935 3159 1117 3250 Donellus¹⁴)
1140 3178 1170 3232 et
1191 3165 1266 3230 Bar·

251 3283 315 3348 tolo
340 3295 370 3346 et
392 3280 514 3368 Cujaeio
538 3280 711 3346 adversatus
734 3294 788 3346 est.
823 3282 938 3346 Anton.
954 3275 1090 3363 Faber¹⁸)
1112 3293 1210 3346 autem
1233 3283 1264 3344 in

252 3395 433 3463 defendenda
456 3399 600 3460 sententia
621 3395 745 3461 »loannis
765 3395 901 3462 Bassiani
923 3409 1130 3485 argumentum
1152 3417 1263 3461 norum

305 3600 339 3668 11)
361 3597 476 3653 narone
494 3615 514 3651 s.
534 3596 588 3670 mg.
607 3615 631 3651 n.
650 3598 680 3651 au
697 3597 727 3651 u.
742 3597 773 3651 11
793 3577 828 3652 ee'
841 3598 899 3652 ruo.
918 3597 973 3650 ren.
1003 3597 1130 3653 aennon
1146 3614 1171 3667 p.
1186 3595 1244 3650 154.

305 3695 337 3763 ¹¹)
363 3695 476 3766 cnjaetus
495 3694 556 3766 Opp.
576 3713 612 3766 pr.
631 3695 663 3749 Τ.
677 3695 706 3749 11.
725 3693 770 3748 eol.
784 3695 835 3749 544
854 3695 884 3748 ad
902 3695 967 3749 Nor.
981 3693 1023 3749 99.

305 3794 337 3861 ¹¹)
361 3793 472 3863 cujacius
492 3792 552 3863 Opp.
566 3801 630 3864 post.
642 3792 675 3848 Τ.
687 3792 706 3846 1.
725 3793 753 3847 P.
766 3793 795 3846 11.
809 3811 829 3846 c.
843 3793 895 3848 505
908 3792 937 3845 ad
950 3792 978 3844 L.
994 3793 1024 3845 ll
1044 3809 1080 3863 pr.
1094 3791 1123 3846 de
1136 3791 1194 3845 duo.
1207 3789 1262 3845 reis.

304 3889 336 3958 ¹⁴)
360 3889 477 3945 Donellus
496 3888 526 3943 ad
544 3889 595 3944 Tit.
614 3889 641 3943 C.
660 3889 690 3943 cle
708 3890 766 3946 duo.
785 3892 840 3944 reis.
861 3889 917 3960 Cap.
931 3887 975 3942 VI.
989 3895 1013 3943 et
1024 3888 1091 3943 vlit
1251 3887 1258 3898 '

304 3987 337 4057 ¹⁵)
361 3989 452 4041 Anton.
463 3985 542 4043 Faber
558 3985 575 4041 l.
588 3985 603 4039 l.
624 3986 681 4057 Cap.
693 3987 723 4041 tt.
