<?xml version="1.0" encoding="UTF-8"?>
<!DOCTYPE html PUBLIC "-//W3C//DTD XHTML 1.0 Transitional//EN"
    "http://www.w3.org/TR/xhtml1/DTD/xhtml1-transitional.dtd">
<html xmlns="http://www.w3.org/1999/xhtml" xml:lang="en" lang="en">
 <head>
  <title>
</title>
<meta http-equiv="Content-Type" content="text/html;charset=utf-8" />
  <meta name='ocr-system' content='tesseract 3.04.00' />
  <meta name='ocr-capabilities' content='ocr_page ocr_carea ocr_par ocr_line ocrx_word'/>
</head>
<body>
  <div class='ocr_page' id='page_1' title='image "./novellajustinia00wiedgoog/novellajustinia00wiedgoog_0051.png"; bbox 0 0 2952 4556; ppageno 0'>
   <div class='ocr_carea' id='block_1_1' title="bbox 641 331 800 432">
    <p class='ocr_par' dir='ltr' id='par_1_1' title="bbox 641 331 800 432">
     <span class='ocr_line' id='line_1_1' title="bbox 641 331 800 432; baseline 0 -32"><span class='ocrx_word' id='word_1_1' title='bbox 641 331 800 432; x_wconf 52' lang='lat'><strong>„2⁵-</strong></span> 
     </span>
    </p>
   </div>
   <div class='ocr_carea' id='block_1_2' title="bbox 211 508 1229 2567">
    <p class='ocr_par' dir='ltr' id='par_1_2' title="bbox 211 508 1229 2198">
     <span class='ocr_line' id='line_1_2' title="bbox 215 508 1229 604; baseline -0.006 -25"><span class='ocrx_word' id='word_1_2' title='bbox 215 515 266 590; x_wconf 94' lang='lat' dir='ltr'><strong>dii‚</strong></span> <span class='ocrx_word' id='word_1_3' title='bbox 291 516 393 602; x_wconf 92' lang='lat' dir='ltr'><strong>opinio</strong></span> <span class='ocrx_word' id='word_1_4' title='bbox 416 513 565 578; x_wconf 83' lang='lat' dir='ltr'><strong>Francisci</strong></span> <span class='ocrx_word' id='word_1_5' title='bbox 587 511 735 604; x_wconf 84' lang='lat' dir='ltr'><strong>Balduini,</strong></span> <span class='ocrx_word' id='word_1_6' title='bbox 762 533 815 576; x_wconf 90' lang='lat' dir='ltr'><strong>nec</strong></span> <span class='ocrx_word' id='word_1_7' title='bbox 838 533 898 576; x_wconf 91' lang='lat' dir='ltr'><strong>non</strong></span> <span class='ocrx_word' id='word_1_8' title='bbox 922 508 1229 576; x_wconf 86' lang='lat' dir='ltr'><strong>Hcimbachic-Dede·</strong></span> 
     </span>
     <span class='ocr_line' id='line_1_3' title="bbox 216 627 1228 715; baseline -0.007 -20"><span class='ocrx_word' id='word_1_9' title='bbox 216 631 364 705; x_wconf 87' lang='lat' dir='ltr'><strong>kindiana,</strong></span> <span class='ocrx_word' id='word_1_10' title='bbox 388 629 585 694; x_wconf 79' lang='lat' dir='ltr'><strong>aestimandae</strong></span> <span class='ocrx_word' id='word_1_11' title='bbox 609 640 689 704; x_wconf 92' lang='lat' dir='ltr'><strong>sunt,</strong></span> <span class='ocrx_word' id='word_1_12' title='bbox 713 640 802 715; x_wconf 90' lang='lat' dir='ltr'><strong>atquc</strong></span> <span class='ocrx_word' id='word_1_13' title='bbox 826 649 891 692; x_wconf 93' lang='lat' dir='ltr'><strong>cum</strong></span> <span class='ocrx_word' id='word_1_14' title='bbox 916 629 1055 713; x_wconf 91' lang='lat' dir='ltr'><strong>opinione</strong></span> <span class='ocrx_word' id='word_1_15' title='bbox 1080 627 1228 690; x_wconf 86' lang='lat' dir='ltr'><strong>communi</strong></span> 
     </span>
     <span class='ocr_line' id='line_1_4' title="bbox 216 740 1229 840; baseline -0.007 -30"><span class='ocrx_word' id='word_1_16' title='bbox 216 749 371 840; x_wconf 82' lang='lat' dir='ltr'>opiniones</span> <span class='ocrx_word' id='word_1_17' title='bbox 388 745 501 809; x_wconf 79' lang='lat' dir='ltr'><strong>llartoli</strong></span> <span class='ocrx_word' id='word_1_18' title='bbox 526 757 555 808; x_wconf 90' lang='lat' dir='ltr'><strong>et</strong></span> <span class='ocrx_word' id='word_1_19' title='bbox 570 743 739 810; x_wconf 88' lang='lat' dir='ltr'><strong>Schroeteri</strong></span> <span class='ocrx_word' id='word_1_20' title='bbox 762 745 985 830; x_wconf 80' lang='lat' dir='ltr'>conjungemus,</span> <span class='ocrx_word' id='word_1_21' title='bbox 1012 744 1146 830; x_wconf 91' lang='lat' dir='ltr'><strong>opinioni</strong></span> <span class='ocrx_word' id='word_1_22' title='bbox 1168 740 1229 804; x_wconf 88' lang='lat' dir='ltr'><strong>Ha-</strong></span> 
     </span>
     <span class='ocr_line' id='line_1_5' title="bbox 214 859 1229 947; baseline -0.007 -21"><span class='ocrx_word' id='word_1_23' title='bbox 214 862 386 926; x_wconf 87' lang='lat' dir='ltr'><strong>loandrinae</strong></span> <span class='ocrx_word' id='word_1_24' title='bbox 410 863 512 947; x_wconf 92' lang='lat' dir='ltr'><strong>opinio</strong></span> <span class='ocrx_word' id='word_1_25' title='bbox 530 859 711 947; x_wconf 89' lang='lat' dir='ltr'><strong>Savlgniana</strong></span> <span class='ocrx_word' id='word_1_26' title='bbox 726 871 899 924; x_wconf 79' lang='lat' dir='ltr'><strong>annectatur</strong></span> <span class='ocrx_word' id='word_1_27' title='bbox 920 870 1048 944; x_wconf 91' lang='lat' dir='ltr'><strong>oportet,</strong></span> <span class='ocrx_word' id='word_1_28' title='bbox 1072 869 1135 921; x_wconf 89' lang='lat' dir='ltr'><strong>tum</strong></span> <span class='ocrx_word' id='word_1_29' title='bbox 1158 868 1229 944; x_wconf 91' lang='lat' dir='ltr'><strong>post</strong></span> 
     </span>
     <span class='ocr_line' id='line_1_6' title="bbox 215 971 1229 1066; baseline -0.007 -23"><span class='ocrx_word' id='word_1_30' title='bbox 215 980 384 1066; x_wconf 83' lang='lat' dir='ltr'><strong>opinionem</strong></span> <span class='ocrx_word' id='word_1_31' title='bbox 402 977 578 1042; x_wconf 84' lang='lat' dir='ltr'><strong>Burchardii</strong></span> <span class='ocrx_word' id='word_1_32' title='bbox 601 989 630 1040; x_wconf 89' lang='lat' dir='ltr'><strong>et</strong></span> <span class='ocrx_word' id='word_1_33' title='bbox 653 975 688 1041; x_wconf 86' lang='lat' dir='ltr'><strong>G.</strong></span> <span class='ocrx_word' id='word_1_34' title='bbox 705 975 740 1040; x_wconf 85' lang='grc' dir='ltr'><strong>Ε.</strong></span> <span class='ocrx_word' id='word_1_35' title='bbox 759 973 915 1043; x_wconf 84' lang='lat' dir='ltr'><strong>Schmidtii</strong></span> <span class='ocrx_word' id='word_1_36' title='bbox 937 971 972 1038; x_wconf 95' lang='lat' dir='ltr'><strong>de</strong></span> <span class='ocrx_word' id='word_1_37' title='bbox 988 975 1132 1038; x_wconf 88' lang='lat' dir='ltr'><strong>sententia</strong></span> <span class='ocrx_word' id='word_1_38' title='bbox 1147 971 1229 1036; x_wconf 91' lang='lat' dir='ltr'><strong>Van·</strong></span> 
     </span>
     <span class='ocr_line' id='line_1_7' title="bbox 214 1088 1229 1180; baseline -0.006 -23"><span class='ocrx_word' id='word_1_39' title='bbox 214 1095 329 1180; x_wconf 81' lang='lat' dir='ltr'><strong>genevii</strong></span> <span class='ocrx_word' id='word_1_40' title='bbox 344 1096 521 1180; x_wconf 79' lang='lat' dir='ltr'><strong>inquiretur,</strong></span> <span class='ocrx_word' id='word_1_41' title='bbox 538 1095 590 1180; x_wconf 93' lang='lat' dir='ltr'><strong>qui</strong></span> <span class='ocrx_word' id='word_1_42' title='bbox 606 1103 800 1178; x_wconf 72' lang='lat' dir='ltr'><strong>assectatores</strong></span> <span class='ocrx_word' id='word_1_43' title='bbox 813 1089 1022 1156; x_wconf 85' lang='lat' dir='ltr'><strong>Girtannerum</strong></span> <span class='ocrx_word' id='word_1_44' title='bbox 1038 1101 1067 1152; x_wconf 92' lang='lat' dir='ltr'><strong>et</strong></span> <span class='ocrx_word' id='word_1_45' title='bbox 1078 1088 1229 1152; x_wconf 87' lang='lat' dir='ltr'><strong>Ruecker-</strong></span> 
     </span>
     <span class='ocr_line' id='line_1_8' title="bbox 215 1206 1229 1296; baseline -0.007 -23"><span class='ocrx_word' id='word_1_46' title='bbox 215 1221 278 1273; x_wconf 93' lang='lat' dir='ltr'><strong>tum</strong></span> <span class='ocrx_word' id='word_1_47' title='bbox 301 1206 399 1274; x_wconf 91' lang='lat' dir='ltr'><strong>habet.</strong></span> <span class='ocrx_word' id='word_1_48' title='bbox 421 1245 457 1256; x_wconf 90' lang='lat'>—</span> <span class='ocrx_word' id='word_1_49' title='bbox 477 1208 574 1296; x_wconf 87' lang='lat' dir='ltr'><strong>Hujus</strong></span> <span class='ocrx_word' id='word_1_50' title='bbox 592 1230 712 1296; x_wconf 90' lang='lat' dir='ltr'><strong>quoque</strong></span> <span class='ocrx_word' id='word_1_51' title='bbox 728 1209 783 1272; x_wconf 90' lang='lat' dir='ltr'><strong>loci</strong></span> <span class='ocrx_word' id='word_1_52' title='bbox 801 1219 846 1272; x_wconf 88' lang='lat' dir='ltr'><strong>ost</strong></span> <span class='ocrx_word' id='word_1_53' title='bbox 864 1227 1035 1292; x_wconf 83' lang='lat' dir='ltr'><strong>memorare,</strong></span> <span class='ocrx_word' id='word_1_54' title='bbox 1052 1206 1229 1268; x_wconf 84' lang='lat' dir='ltr'><strong>esculentia</strong></span> 
     </span>
     <span class='ocr_line' id='line_1_9' title="bbox 214 1321 1227 1411; baseline -0.006 -23"><span class='ocrx_word' id='word_1_55' title='bbox 214 1323 377 1388; x_wconf 87' lang='lat' dir='ltr'><strong>Haloandri</strong></span> <span class='ocrx_word' id='word_1_56' title='bbox 400 1323 475 1388; x_wconf 87' lang='lat' dir='ltr'><strong>duas</strong></span> <span class='ocrx_word' id='word_1_57' title='bbox 500 1322 695 1411; x_wconf 83' lang='lat' dir='ltr'><strong>obligationes</strong></span> <span class='ocrx_word' id='word_1_58' title='bbox 720 1326 750 1386; x_wconf 89' lang='lat' dir='ltr'><strong>itr</strong></span> <span class='ocrx_word' id='word_1_59' title='bbox 773 1321 904 1391; x_wconf 82' lang='lat' dir='ltr'><strong>secrmdo</strong></span> <span class='ocrx_word' id='word_1_60' title='bbox 928 1341 1049 1408; x_wconf 90' lang='lat' dir='ltr'><strong>quoque</strong></span> <span class='ocrx_word' id='word_1_61' title='bbox 1069 1331 1227 1405; x_wconf 88' lang='lat' dir='ltr'><strong>praecepto</strong></span> 
     </span>
     <span class='ocr_line' id='line_1_10' title="bbox 215 1423 1227 1522; baseline -0.004 -20"><span class='ocrx_word' id='word_1_62' title='bbox 215 1437 355 1502; x_wconf 88' lang='lat' dir='ltr'><strong>Novellac</strong></span> <span class='ocrx_word' id='word_1_63' title='bbox 379 1442 505 1516; x_wconf 88' lang='lat' dir='ltr'><strong>servari,</strong></span> <span class='ocrx_word' id='word_1_64' title='bbox 535 1461 550 1502; x_wconf 94' lang='lat' dir='ltr'><strong>e</strong></span> <span class='ocrx_word' id='word_1_65' title='bbox 573 1441 717 1503; x_wconf 88' lang='lat' dir='ltr'><strong>sententia</strong></span> <span class='ocrx_word' id='word_1_66' title='bbox 739 1423 930 1512; x_wconf 84' lang='lat' dir='ltr'><strong>Burchardii,</strong></span> <span class='ocrx_word' id='word_1_67' title='bbox 954 1436 1137 1522; x_wconf 89' lang='lat' dir='ltr'><strong>Vangerovii</strong></span> <span class='ocrx_word' id='word_1_68' title='bbox 1160 1447 1227 1499; x_wconf 91' lang='lat' dir='ltr'><strong>cett.</strong></span> 
     </span>
     <span class='ocr_line' id='line_1_11' title="bbox 215 1550 1228 1640; baseline -0.002 -24"><span class='ocrx_word' id='word_1_69' title='bbox 215 1555 343 1639; x_wconf 90' lang='lat' dir='ltr'><strong>primurn</strong></span> <span class='ocrx_word' id='word_1_70' title='bbox 365 1566 555 1640; x_wconf 86' lang='lat' dir='ltr'><strong>praeceptum</strong></span> <span class='ocrx_word' id='word_1_71' title='bbox 579 1552 617 1617; x_wconf 89' lang='lat' dir='ltr'><strong>ad</strong></span> <span class='ocrx_word' id='word_1_72' title='bbox 640 1552 730 1629; x_wconf 87' lang='lat' dir='ltr'><strong>duas,</strong></span> <span class='ocrx_word' id='word_1_73' title='bbox 755 1551 917 1616; x_wconf 89' lang='lat' dir='ltr'><strong>secundum</strong></span> <span class='ocrx_word' id='word_1_74' title='bbox 941 1550 979 1615; x_wconf 91' lang='lat' dir='ltr'><strong>ad</strong></span> <span class='ocrx_word' id='word_1_75' title='bbox 1002 1572 1090 1614; x_wconf 90' lang='lat' dir='ltr'><strong>unam</strong></span> <span class='ocrx_word' id='word_1_76' title='bbox 1112 1562 1228 1615; x_wconf 89' lang='lat' dir='ltr'><strong>tanturn</strong></span> 
     </span>
     <span class='ocr_line' id='line_1_12' title="bbox 216 1666 1228 1755; baseline -0.004 -23"><span class='ocrx_word' id='word_1_77' title='bbox 216 1667 427 1755; x_wconf 86' lang='lat' dir='ltr'><strong>obligationem</strong></span> <span class='ocrx_word' id='word_1_78' title='bbox 450 1670 610 1754; x_wconf 87' lang='lat' dir='ltr'><strong>respicere,</strong></span> <span class='ocrx_word' id='word_1_79' title='bbox 634 1667 753 1732; x_wconf 89' lang='lat' dir='ltr'><strong>atinde</strong></span> <span class='ocrx_word' id='word_1_80' title='bbox 776 1667 854 1743; x_wconf 87' lang='lat' dir='ltr'><strong>ficri,</strong></span> <span class='ocrx_word' id='word_1_81' title='bbox 879 1678 913 1730; x_wconf 96' lang='lat' dir='ltr'><strong>ut</strong></span> <span class='ocrx_word' id='word_1_82' title='bbox 935 1666 991 1729; x_wconf 90' lang='lat' dir='ltr'><strong>hae</strong></span> <span class='ocrx_word' id='word_1_83' title='bbox 1014 1669 1174 1728; x_wconf 87' lang='lat' dir='ltr'><strong>sententiae</strong></span> <span class='ocrx_word' id='word_1_84' title='bbox 1198 1669 1228 1728; x_wconf 92' lang='lat' dir='ltr'><strong>in</strong></span> 
     </span>
     <span class='ocr_line' id='line_1_13' title="bbox 211 1778 1229 1871; baseline -0.005 -24"><span class='ocrx_word' id='word_1_85' title='bbox 211 1783 313 1848; x_wconf 87' lang='lat' dir='ltr'><strong>medio</strong></span> <span class='ocrx_word' id='word_1_86' title='bbox 337 1787 452 1871; x_wconf 88' lang='lat' dir='ltr'><strong>positae</strong></span> <span class='ocrx_word' id='word_1_87' title='bbox 475 1783 647 1862; x_wconf 88' lang='lat' dir='ltr'><strong>videantur,</strong></span> <span class='ocrx_word' id='word_1_88' title='bbox 678 1805 753 1870; x_wconf 87' lang='lat' dir='ltr'><strong>quae</strong></span> <span class='ocrx_word' id='word_1_89' title='bbox 777 1781 853 1847; x_wconf 89' lang='lat' dir='ltr'><strong>idern</strong></span> <span class='ocrx_word' id='word_1_90' title='bbox 877 1803 942 1845; x_wconf 92' lang='lat' dir='ltr'><strong>curu</strong></span> <span class='ocrx_word' id='word_1_91' title='bbox 965 1779 1138 1845; x_wconf 86' lang='lat' dir='ltr'><strong>Haloundro</strong></span> <span class='ocrx_word' id='word_1_92' title='bbox 1161 1778 1229 1842; x_wconf 88' lang='lat' dir='ltr'><strong>lun-</strong></span> 
     </span>
     <span class='ocr_line' id='line_1_14' title="bbox 216 1891 1227 1987; baseline -0.006 -23"><span class='ocrx_word' id='word_1_93' title='bbox 216 1899 385 1965; x_wconf 90' lang='lat' dir='ltr'><strong>damentum</strong></span> <span class='ocrx_word' id='word_1_94' title='bbox 408 1902 660 1987; x_wconf 89' lang='lat' dir='ltr'><strong>interpretationis</strong></span> <span class='ocrx_word' id='word_1_95' title='bbox 682 1895 735 1981; x_wconf 88' lang='lat' dir='ltr'><strong>(se.</strong></span> <span class='ocrx_word' id='word_1_96' title='bbox 752 1901 903 1963; x_wconf 90' lang='lat' dir='ltr'><strong>notionem</strong></span> <span class='ocrx_word' id='word_1_97' title='bbox 919 1893 991 1960; x_wconf 66' lang='lat' dir='ltr'><strong>citt.</strong></span> <span class='ocrx_word' id='word_1_98' title='bbox 1006 1891 1073 1978; x_wconf 75' lang='grc' dir='ltr'><strong>ὑπ.)</strong></span> <span class='ocrx_word' id='word_1_99' title='bbox 1090 1894 1227 1971; x_wconf 87' lang='lat' dir='ltr'><strong>habeant,</strong></span> 
     </span>
     <span class='ocr_line' id='line_1_15' title="bbox 216 2009 1228 2104; baseline -0.005 -25"><span class='ocrx_word' id='word_1_100' title='bbox 216 2015 254 2080; x_wconf 93' lang='lat' dir='ltr'><strong>ad</strong></span> <span class='ocrx_word' id='word_1_101' title='bbox 277 2015 397 2081; x_wconf 90' lang='lat' dir='ltr'><strong>eandem</strong></span> <span class='ocrx_word' id='word_1_102' title='bbox 421 2039 492 2080; x_wconf 90' lang='lat' dir='ltr'><strong>vero</strong></span> <span class='ocrx_word' id='word_1_103' title='bbox 517 2038 659 2081; x_wconf 89' lang='lat' dir='ltr'><strong>summam</strong></span> <span class='ocrx_word' id='word_1_104' title='bbox 684 2012 888 2104; x_wconf 79' lang='lat' dir='ltr'><strong>(obligationis</strong></span> <span class='ocrx_word' id='word_1_105' title='bbox 904 2009 1054 2094; x_wconf 83' lang='lat' dir='ltr'><strong>correalis)</strong></span> <span class='ocrx_word' id='word_1_106' title='bbox 1079 2033 1144 2076; x_wconf 91' lang='lat' dir='ltr'><strong>curn</strong></span> <span class='ocrx_word' id='word_1_107' title='bbox 1163 2013 1228 2097; x_wconf 93' lang='lat' dir='ltr'><strong>opi-</strong></span> 
     </span>
     <span class='ocr_line' id='line_1_16' title="bbox 214 2132 628 2198; baseline 0.002 -3"><span class='ocrx_word' id='word_1_108' title='bbox 214 2133 303 2196; x_wconf 92' lang='lat' dir='ltr'><strong>nione</strong></span> <span class='ocrx_word' id='word_1_109' title='bbox 327 2136 475 2197; x_wconf 87' lang='lat' dir='ltr'><strong>communi</strong></span> <span class='ocrx_word' id='word_1_110' title='bbox 497 2132 628 2198; x_wconf 86' lang='lat' dir='ltr'><strong>redeant.</strong></span> 
     </span>
    </p>

    <p class='ocr_par' dir='ltr' id='par_1_3' title="bbox 214 2245 1227 2567">
     <span class='ocr_line' id='line_1_17' title="bbox 281 2245 1227 2336; baseline -0.005 -24"><span class='ocrx_word' id='word_1_111' title='bbox 281 2248 459 2336; x_wconf 88' lang='lat' dir='ltr'><strong>Priusquam</strong></span> <span class='ocrx_word' id='word_1_112' title='bbox 483 2261 580 2313; x_wconf 90' lang='lat' dir='ltr'><strong>autern</strong></span> <span class='ocrx_word' id='word_1_113' title='bbox 604 2260 717 2334; x_wconf 88' lang='lat' dir='ltr'><strong>partem</strong></span> <span class='ocrx_word' id='word_1_114' title='bbox 746 2247 1001 2312; x_wconf 82' lang='lat' dir='ltr'><strong>commentationis</strong></span> <span class='ocrx_word' id='word_1_115' title='bbox 1028 2256 1148 2309; x_wconf 87' lang='lat' dir='ltr'><strong>nostrae</strong></span> <span class='ocrx_word' id='word_1_116' title='bbox 1172 2245 1227 2307; x_wconf 87' lang='lat' dir='ltr'><strong>cri·</strong></span> 
     </span>
     <span class='ocr_line' id='line_1_18' title="bbox 214 2360 1225 2452; baseline -0.006 -24"><span class='ocrx_word' id='word_1_117' title='bbox 214 2367 300 2429; x_wconf 89' lang='lat' dir='ltr'><strong>ticam</strong></span> <span class='ocrx_word' id='word_1_118' title='bbox 314 2365 509 2452; x_wconf 86' lang='lat' dir='ltr'><strong>aggredimur,</strong></span> <span class='ocrx_word' id='word_1_119' title='bbox 523 2364 629 2451; x_wconf 90' lang='lat' dir='ltr'><strong>reliqui</strong></span> <span class='ocrx_word' id='word_1_120' title='bbox 642 2367 801 2450; x_wconf 90' lang='lat' dir='ltr'><strong>scriptores</strong></span> <span class='ocrx_word' id='word_1_121' title='bbox 813 2361 951 2427; x_wconf 90' lang='lat' dir='ltr'><strong>hodierni</strong></span> <span class='ocrx_word' id='word_1_122' title='bbox 964 2360 1133 2426; x_wconf 87' lang='lat' dir='ltr'><strong>recensendi</strong></span> <span class='ocrx_word' id='word_1_123' title='bbox 1147 2371 1225 2436; x_wconf 90' lang='lat' dir='ltr'><strong>sunt,</strong></span> 
     </span>
     <span class='ocr_line' id='line_1_19' title="bbox 214 2477 1225 2567; baseline -0.003 -24"><span class='ocrx_word' id='word_1_124' title='bbox 214 2483 265 2567; x_wconf 90' lang='lat' dir='ltr'><strong>qui</strong></span> <span class='ocrx_word' id='word_1_125' title='bbox 289 2480 326 2544; x_wconf 93' lang='lat' dir='ltr'><strong>ad</strong></span> <span class='ocrx_word' id='word_1_126' title='bbox 350 2503 439 2545; x_wconf 89' lang='lat' dir='ltr'><strong>unam</strong></span> <span class='ocrx_word' id='word_1_127' title='bbox 462 2480 508 2544; x_wconf 89' lang='lat' dir='ltr'><strong>vel</strong></span> <span class='ocrx_word' id='word_1_128' title='bbox 533 2480 617 2546; x_wconf 85' lang='lat' dir='ltr'><strong>aliam</strong></span> <span class='ocrx_word' id='word_1_129' title='bbox 640 2479 676 2544; x_wconf 93' lang='lat' dir='ltr'><strong>de</strong></span> <span class='ocrx_word' id='word_1_130' title='bbox 692 2477 815 2545; x_wconf 87' lang='lat' dir='ltr'><strong>Novella</strong></span> <span class='ocrx_word' id='word_1_131' title='bbox 833 2481 1005 2544; x_wconf 88' lang='lat' dir='ltr'><strong>sententiam</strong></span> <span class='ocrx_word' id='word_1_132' title='bbox 1030 2489 1225 2542; x_wconf 91' lang='lat' dir='ltr'><strong>accesserunt.</strong></span> 
     </span>
    </p>
   </div>
   <div class='ocr_carea' id='block_1_3' title="bbox 689 2655 754 2744">
    <p class='ocr_par' dir='ltr' id='par_1_4' title="bbox 689 2655 754 2744">
     <span class='ocr_line' id='line_1_20' title="bbox 689 2655 754 2744; baseline -0.031 -18"><span class='ocrx_word' id='word_1_133' title='bbox 689 2655 754 2744; x_wconf 67' lang='lat'><strong>§9-</strong></span> 
     </span>
    </p>
   </div>
   <div class='ocr_carea' id='block_1_4' title="bbox 296 2780 1140 2871">
    <p class='ocr_par' dir='ltr' id='par_1_5' title="bbox 296 2780 1140 2871">
     <span class='ocr_line' id='line_1_21' title="bbox 296 2780 1140 2871; baseline 0 -25"><span class='ocrx_word' id='word_1_134' title='bbox 296 2780 345 2850; x_wconf 80' lang='lat' dir='ltr'><strong>lte</strong></span> <span class='ocrx_word' id='word_1_135' title='bbox 374 2783 537 2871; x_wconf 91' lang='lat' dir='ltr'><strong>reliquis</strong></span> <span class='ocrx_word' id='word_1_136' title='bbox 568 2783 830 2870; x_wconf 85' lang='lat' dir='ltr'><strong>scriptoribus</strong></span> <span class='ocrx_word' id='word_1_137' title='bbox 858 2783 1140 2849; x_wconf 88' lang='lat' dir='ltr'><strong>recentissimis.</strong></span> 
     </span>
    </p>
   </div>
   <div class='ocr_carea' id='block_1_5' title="bbox 214 2935 1225 3142">
    <p class='ocr_par' dir='ltr' id='par_1_6' title="bbox 214 2935 1225 3142">
     <span class='ocr_line' id='line_1_22' title="bbox 283 2935 1225 3029; baseline -0.002 -23"><span class='ocrx_word' id='word_1_138' title='bbox 283 2940 458 3028; x_wconf 89' lang='lat' dir='ltr'><strong>Opinionem</strong></span> <span class='ocrx_word' id='word_1_139' title='bbox 476 2965 658 3008; x_wconf 89' lang='lat' dir='ltr'><strong>communem</strong></span> <span class='ocrx_word' id='word_1_140' title='bbox 672 2935 807 3022; x_wconf 80' lang='lat' dir='ltr'><strong>Valett¹),</strong></span> <span class='ocrx_word' id='word_1_141' title='bbox 826 2943 861 3007; x_wconf 91' lang='lat' dir='ltr'><strong>de</strong></span> <span class='ocrx_word' id='word_1_142' title='bbox 872 2942 1006 3028; x_wconf 89' lang='lat' dir='ltr'><strong>Wening</strong></span> <span class='ocrx_word' id='word_1_143' title='bbox 1020 2935 1225 3029; x_wconf 63' lang='lat' dir='ltr'><strong>tngenheuffl),</strong></span> 
     </span>
     <span class='ocr_line' id='line_1_23' title="bbox 214 3049 1225 3142; baseline 0 -23"><span class='ocrx_word' id='word_1_144' title='bbox 214 3049 400 3142; x_wconf 79' lang='lat' dir='ltr'><strong>Appelius⁸),</strong></span> <span class='ocrx_word' id='word_1_145' title='bbox 414 3050 598 3138; x_wconf 84' lang='lat' dir='ltr'><strong>Albrecht‘),</strong></span> <span class='ocrx_word' id='word_1_146' title='bbox 611 3051 882 3138; x_wconf 67' lang='lat' dir='ltr'><strong>Muehlenbruchl),</strong></span> <span class='ocrx_word' id='word_1_147' title='bbox 897 3049 1092 3136; x_wconf 78' lang='lat' dir='ltr'><strong>Goeschcn⁶),</strong></span> <span class='ocrx_word' id='word_1_148' title='bbox 1109 3049 1225 3134; x_wconf 84' lang='lat' dir='ltr'><strong>Fritz⁷),</strong></span> 
     </span>
    </p>
   </div>
   <div class='ocr_carea' id='block_1_6' title="bbox 215 3165 426 3176">
    <p class='ocr_par' dir='ltr' id='par_1_7' title="bbox 215 3165 426 3176">
     <span class='ocr_line' id='line_1_24' title="bbox 215 3165 426 3176; baseline -0.005 -1"><span class='ocrx_word' id='word_1_149' title='bbox 215 3165 426 3176; x_wconf 78' lang='lat'><strong>-......-——·</strong></span> 
     </span>
    </p>
   </div>
   <div class='ocr_carea' id='block_1_7' title="bbox 212 3209 1225 4144">
    <p class='ocr_par' dir='ltr' id='par_1_8' title="bbox 270 3209 1225 3282">
     <span class='ocr_line' id='line_1_25' title="bbox 270 3209 1225 3282; baseline 0 -19"><span class='ocrx_word' id='word_1_150' title='bbox 270 3209 290 3276; x_wconf 78' lang='grc'><strong>1)</strong></span> <span class='ocrx_word' id='word_1_151' title='bbox 314 3209 387 3263; x_wconf 81' lang='lat' dir='ltr'><strong>Ausi.</strong></span> <span class='ocrx_word' id='word_1_152' title='bbox 397 3210 484 3264; x_wconf 88' lang='lat' dir='ltr'><strong>Lehrh.</strong></span> <span class='ocrx_word' id='word_1_153' title='bbox 495 3211 518 3264; x_wconf 92' lang='lat' dir='ltr'><strong>d.</strong></span> <span class='ocrx_word' id='word_1_154' title='bbox 529 3220 601 3282; x_wconf 87' lang='lat' dir='ltr'><strong>praet.</strong></span> <span class='ocrx_word' id='word_1_155' title='bbox 612 3211 686 3266; x_wconf 87' lang='lat' dir='ltr'><strong>Pand.</strong></span> <span class='ocrx_word' id='word_1_156' title='bbox 696 3212 785 3266; x_wconf 82' lang='lat' dir='ltr'><strong>Rechts</strong></span> <span class='ocrx_word' id='word_1_157' title='bbox 797 3219 851 3266; x_wconf 77' lang='lat' dir='ltr'><strong>cett.</strong></span> <span class='ocrx_word' id='word_1_158' title='bbox 864 3211 893 3266; x_wconf 94' lang='grc'><strong>11.</strong></span> <span class='ocrx_word' id='word_1_159' title='bbox 903 3211 949 3265; x_wconf 90' lang='lat' dir='ltr'><strong>Bd.</strong></span> <span class='ocrx_word' id='word_1_160' title='bbox 961 3211 1042 3282; x_wconf 83' lang='lat' dir='ltr'><strong>Leipz.</strong></span> <span class='ocrx_word' id='word_1_161' title='bbox 1054 3209 1129 3266; x_wconf 82' lang='lat'><strong>1828.</strong></span> <span class='ocrx_word' id='word_1_162' title='bbox 1142 3209 1225 3280; x_wconf 68' lang='lat'><strong>5451.</strong></span> 
     </span>
    </p>

    <p class='ocr_par' dir='ltr' id='par_1_9' title="bbox 268 3307 1039 3380">
     <span class='ocr_line' id='line_1_26' title="bbox 268 3307 1039 3380; baseline 0.003 -20"><span class='ocrx_word' id='word_1_163' title='bbox 268 3307 289 3375; x_wconf 77' lang='lat'><strong>²)</strong></span> <span class='ocrx_word' id='word_1_164' title='bbox 313 3307 426 3361; x_wconf 88' lang='lat' dir='ltr'><strong>Zeitschr.</strong></span> <span class='ocrx_word' id='word_1_165' title='bbox 440 3327 463 3360; x_wconf 90' lang='lat' dir='ltr'><strong>v.</strong></span> <span class='ocrx_word' id='word_1_166' title='bbox 475 3309 559 3362; x_wconf 88' lang='lat' dir='ltr'><strong>Linde.</strong></span> <span class='ocrx_word' id='word_1_167' title='bbox 577 3310 623 3363; x_wconf 89' lang='lat' dir='ltr'><strong>Bd.</strong></span> <span class='ocrx_word' id='word_1_168' title='bbox 635 3310 680 3364; x_wconf 92' lang='lat' dir='ltr'><strong>IV.</strong></span> <span class='ocrx_word' id='word_1_169' title='bbox 701 3308 777 3364; x_wconf 83' lang='lat'><strong>1831.</strong></span> <span class='ocrx_word' id='word_1_170' title='bbox 795 3327 831 3363; x_wconf 89' lang='lat' dir='ltr'><strong>nr.</strong></span> <span class='ocrx_word' id='word_1_171' title='bbox 843 3309 924 3364; x_wconf 86' lang='lat' dir='ltr'><strong>XVll.</strong></span> <span class='ocrx_word' id='word_1_172' title='bbox 943 3327 966 3380; x_wconf 90' lang='lat' dir='ltr'><strong>p.</strong></span> <span class='ocrx_word' id='word_1_173' title='bbox 979 3309 1039 3363; x_wconf 84' lang='lat'><strong>411.</strong></span> 
     </span>
    </p>

    <p class='ocr_par' dir='ltr' id='par_1_10' title="bbox 267 3403 1114 3478">
     <span class='ocr_line' id='line_1_27' title="bbox 267 3403 1114 3478; baseline 0.002 -20"><span class='ocrx_word' id='word_1_174' title='bbox 267 3405 289 3473; x_wconf 72' lang='grc'><strong>8)</strong></span> <span class='ocrx_word' id='word_1_175' title='bbox 312 3405 386 3458; x_wconf 87' lang='lat' dir='ltr'><strong>Arch.</strong></span> <span class='ocrx_word' id='word_1_176' title='bbox 399 3403 417 3459; x_wconf 85' lang='grc'><strong>1.</strong></span> <span class='ocrx_word' id='word_1_177' title='bbox 430 3403 490 3458; x_wconf 91' lang='lat' dir='ltr'><strong>civil.</strong></span> <span class='ocrx_word' id='word_1_178' title='bbox 503 3405 576 3459; x_wconf 86' lang='lat' dir='ltr'><strong>Prax.</strong></span> <span class='ocrx_word' id='word_1_179' title='bbox 594 3406 640 3460; x_wconf 90' lang='lat' dir='ltr'><strong>Bd.</strong></span> <span class='ocrx_word' id='word_1_180' title='bbox 653 3407 722 3461; x_wconf 87' lang='lat' dir='ltr'><strong>XVI.</strong></span> <span class='ocrx_word' id='word_1_181' title='bbox 743 3405 818 3462; x_wconf 85' lang='lat'><strong>1833.</strong></span> <span class='ocrx_word' id='word_1_182' title='bbox 837 3425 873 3460; x_wconf 91' lang='lat' dir='ltr'><strong>nr.</strong></span> <span class='ocrx_word' id='word_1_183' title='bbox 886 3407 940 3461; x_wconf 87' lang='lat' dir='ltr'><strong>Xll.</strong></span> <span class='ocrx_word' id='word_1_184' title='bbox 959 3424 983 3478; x_wconf 88' lang='lat' dir='ltr'><strong>p.</strong></span> <span class='ocrx_word' id='word_1_185' title='bbox 996 3405 1048 3461; x_wconf 84' lang='lat'><strong>280</strong></span> <span class='ocrx_word' id='word_1_186' title='bbox 1061 3424 1114 3477; x_wconf 80' lang='lat' dir='ltr'><strong>sqq.</strong></span> 
     </span>
    </p>

    <p class='ocr_par' dir='ltr' id='par_1_11' title="bbox 215 3501 1225 3670">
     <span class='ocr_line' id='line_1_28' title="bbox 266 3501 1225 3576; baseline 0 -20"><span class='ocrx_word' id='word_1_187' title='bbox 266 3501 288 3570; x_wconf 83' lang='lat'><strong>⁴)</strong></span> <span class='ocrx_word' id='word_1_188' title='bbox 310 3501 439 3556; x_wconf 87' lang='lat' dir='ltr'><strong>Albrecht:</strong></span> <span class='ocrx_word' id='word_1_189' title='bbox 458 3502 502 3556; x_wconf 83' lang='lat' dir='ltr'><strong>llic</strong></span> <span class='ocrx_word' id='word_1_190' title='bbox 518 3503 661 3575; x_wconf 81' lang='lat' dir='ltr'><strong>Exception.</strong></span> <span class='ocrx_word' id='word_1_191' title='bbox 680 3503 704 3557; x_wconf 92' lang='lat' dir='ltr'><strong>d.</strong></span> <span class='ocrx_word' id='word_1_192' title='bbox 721 3506 823 3576; x_wconf 88' lang='lat' dir='ltr'><strong>gemein.</strong></span> <span class='ocrx_word' id='word_1_193' title='bbox 840 3505 967 3558; x_wconf 86' lang='lat' dir='ltr'><strong>teutschen</strong></span> <span class='ocrx_word' id='word_1_194' title='bbox 984 3502 1110 3575; x_wconf 80' lang='lat' dir='ltr'><strong>(livilproc.</strong></span> <span class='ocrx_word' id='word_1_195' title='bbox 1128 3504 1225 3558; x_wconf 83' lang='lat' dir='ltr'><strong>Mlinch.</strong></span> 
     </span>
     <span class='ocr_line' id='line_1_29' title="bbox 215 3598 478 3670; baseline -0.008 -16"><span class='ocrx_word' id='word_1_196' title='bbox 215 3599 291 3656; x_wconf 88' lang='grc'><strong>1835.</strong></span> <span class='ocrx_word' id='word_1_197' title='bbox 309 3617 332 3670; x_wconf 91' lang='lat' dir='ltr'><strong>p.</strong></span> <span class='ocrx_word' id='word_1_198' title='bbox 348 3599 405 3654; x_wconf 87' lang='grc'><strong>104.</strong></span> <span class='ocrx_word' id='word_1_199' title='bbox 422 3598 478 3655; x_wconf 88' lang='grc'><strong>187.</strong></span> 
     </span>
    </p>

    <p class='ocr_par' dir='ltr' id='par_1_12' title="bbox 212 3695 1224 3866">
     <span class='ocr_line' id='line_1_30' title="bbox 267 3695 1224 3764; baseline 0.002 -14"><span class='ocrx_word' id='word_1_200' title='bbox 267 3697 288 3764; x_wconf 85' lang='lat'><strong>⁵)</strong></span> <span class='ocrx_word' id='word_1_201' title='bbox 312 3695 512 3751; x_wconf 90' lang='lat' dir='ltr'><strong>llluehlenbruch:</strong></span> <span class='ocrx_word' id='word_1_202' title='bbox 540 3697 627 3752; x_wconf 88' lang='lat' dir='ltr'><strong>Lehrb.</strong></span> <span class='ocrx_word' id='word_1_203' title='bbox 650 3698 692 3753; x_wconf 84' lang='lat' dir='ltr'><strong>dcc</strong></span> <span class='ocrx_word' id='word_1_204' title='bbox 716 3699 792 3754; x_wconf 87' lang='lat' dir='ltr'><strong>Pand.</strong></span> <span class='ocrx_word' id='word_1_205' title='bbox 809 3699 906 3753; x_wconf 87' lang='lat' dir='ltr'><strong>Rechts.</strong></span> <span class='ocrx_word' id='word_1_206' title='bbox 934 3697 1002 3753; x_wconf 86' lang='lat' dir='ltr'><strong>Hallc</strong></span> <span class='ocrx_word' id='word_1_207' title='bbox 1027 3697 1103 3754; x_wconf 88' lang='grc'><strong>1836.</strong></span> <span class='ocrx_word' id='word_1_208' title='bbox 1129 3698 1177 3753; x_wconf 92' lang='lat' dir='ltr'><strong>Th.</strong></span> <span class='ocrx_word' id='word_1_209' title='bbox 1196 3699 1224 3752; x_wconf 91' lang='lat' dir='ltr'><strong>ll.</strong></span> 
     </span>
     <span class='ocr_line' id='line_1_31' title="bbox 212 3793 407 3866; baseline -0.01 -18"><span class='ocrx_word' id='word_1_210' title='bbox 212 3793 301 3866; x_wconf 76' lang='lat' dir='ltr'><strong>§tet</strong></span> <span class='ocrx_word' id='word_1_211' title='bbox 318 3803 369 3850; x_wconf 88' lang='lat' dir='ltr'><strong>not.</strong></span> <span class='ocrx_word' id='word_1_212' title='bbox 383 3793 407 3849; x_wconf 87' lang='grc'><strong>8.</strong></span> 
     </span>
    </p>

    <p class='ocr_par' dir='ltr' id='par_1_13' title="bbox 215 3891 1225 4064">
     <span class='ocr_line' id='line_1_32' title="bbox 266 3891 1225 3967; baseline 0 -21"><span class='ocrx_word' id='word_1_213' title='bbox 266 3893 288 3960; x_wconf 82' lang='lat'><strong>⁶)</strong></span> <span class='ocrx_word' id='word_1_214' title='bbox 312 3892 443 3958; x_wconf 76' lang='lat' dir='ltr'><strong>llocsehen,</strong></span> <span class='ocrx_word' id='word_1_215' title='bbox 461 3891 559 3946; x_wconf 88' lang='lat' dir='ltr'><strong>Vorlcs.</strong></span> <span class='ocrx_word' id='word_1_216' title='bbox 573 3893 632 3948; x_wconf 83' lang='lat' dir='ltr'><strong>iiber</strong></span> <span class='ocrx_word' id='word_1_217' title='bbox 649 3894 672 3948; x_wconf 95' lang='lat' dir='ltr'><strong>d.</strong></span> <span class='ocrx_word' id='word_1_218' title='bbox 688 3911 751 3967; x_wconf 90' lang='lat' dir='ltr'><strong>gem.</strong></span> <span class='ocrx_word' id='word_1_219' title='bbox 764 3894 815 3949; x_wconf 79' lang='lat' dir='ltr'><strong>Cir.</strong></span> <span class='ocrx_word' id='word_1_220' title='bbox 828 3893 905 3948; x_wconf 87' lang='lat' dir='ltr'><strong>Rccht</strong></span> <span class='ocrx_word' id='word_1_221' title='bbox 922 3895 959 3950; x_wconf 92' lang='lat' dir='ltr'><strong>ed.</strong></span> <span class='ocrx_word' id='word_1_222' title='bbox 972 3893 1099 3948; x_wconf 83' lang='lat' dir='ltr'><strong>Erxleben.</strong></span> <span class='ocrx_word' id='word_1_223' title='bbox 1119 3893 1225 3966; x_wconf 79' lang='lat' dir='ltr'><strong>dorcing.</strong></span> 
     </span>
     <span class='ocr_line' id='line_1_33' title="bbox 215 3968 808 4064; baseline 0.002 -19"><span class='ocrx_word' id='word_1_224' title='bbox 215 3987 371 4046; x_wconf 75' lang='lat' dir='ltr'><strong>teau-co.</strong></span> <span class='ocrx_word' id='word_1_225' title='bbox 390 3989 438 4045; x_wconf 84' lang='lat' dir='ltr'><strong>ru.</strong></span> <span class='ocrx_word' id='word_1_226' title='bbox 450 3990 492 4045; x_wconf 90' lang='lat' dir='ltr'><strong>m.</strong></span> <span class='ocrx_word' id='word_1_227' title='bbox 510 4009 534 4064; x_wconf 77' lang='lat' dir='ltr'><strong>p.</strong></span> <span class='ocrx_word' id='word_1_228' title='bbox 551 3992 589 4046; x_wconf 80' lang='lat'><strong>15.</strong></span> <span class='ocrx_word' id='word_1_229' title='bbox 805 3968 808 3973; x_wconf 82' lang='grc'><strong>’</strong></span> 
     </span>
    </p>

    <p class='ocr_par' dir='ltr' id='par_1_14' title="bbox 1012 4087 1052 4144">
     <span class='ocr_line' id='line_1_34' title="bbox 1012 4087 1052 4144; baseline 0 -28"><span class='ocrx_word' id='word_1_230' title='bbox 1012 4087 1052 4144; x_wconf 65' lang='grc'><strong>31</strong></span> 
     </span>
    </p>
   </div>
   <div class='ocr_carea' id='block_1_8' title="bbox 0 0 1480 4556">
    <p class='ocr_par' dir='ltr' id='par_1_15' title="bbox 0 0 1480 4556">
     <span class='ocr_line' id='line_1_35' title="bbox 0 0 1480 4556; baseline 0 0"><span class='ocrx_word' id='word_1_231' title='bbox 0 0 1480 4556; x_wconf 95' lang='lat' dir='ltr'><strong> </strong></span> 
     </span>
    </p>
   </div>
  </div>
 </body>
</html>
