2952 4556
692 314 852 411 2²...

336 493 426 577 Quod
449 493 487 560 ad
508 493 646 582 Belgicus
669 491 807 558 doctores
830 495 971 578 pertinet,
995 491 1096 580 plures
1118 495 1196 560 inter
1218 515 1280 572 eos,

269 629 357 700 quam
380 613 457 676 inter
479 622 640 676 ceterarum
662 611 795 697 gentium
813 609 1006 696 jurisperitos
1021 608 1191 675 Haloander
1210 627 1282 698 pro·

267 738 450 814 pugnatores
478 739 508 792 et
535 737 729 791 assectatores
757 736 862 788 nactus
892 736 946 789 est.
992 723 1138 791 Heuricus
1162 723 1281 814 quidem

267 835 469 930 Agylacus¹⁸)‚
487 832 702 921 Gudclinus¹⁶)‚
723 837 798 904 Arn.
814 831 993 922 Vinnius¹⁷),
1011 839 1283 930 A1.Arn.Pagen·

268 949 422 1038 stecbcr¹⁸l
453 959 622 1044 opinionem
652 975 835 1022 communem
858 966 951 1019 ratam
974 954 1153 1034 babuerunt.
1176 955 1280 1023 loacb.

268 1065 431 1160 Hopper¹⁹)
461 1084 574 1149 autem,
604 1069 744 1136 Timaeus
767 1061 922 1152 rabant),
951 1071 1081 1138 loannes
1104 1064 1281 1153 Voctius”)‚

269 1185 385 1254 Ulcirus
408 1180 570 1269 Huber²¹),
600 1209 653 1253 nec
675 1208 736 1251 non
758 1185 865 1252 Petrus
890 1185 925 1253 de
949 1179 1132 1269 Toullieu²⁸t
1156 1186 1193 1252 ad
1218 1189 1284 1274 opi·

268 1305 387 1368 nionem
410 1301 640 1368 Haloandrinam
664 1314 859 1368 accesserunt.

741 1564 810 1651 §u

315 1701 535 1791 Scriptores
565 1701 777 1769 Germanici
807 1723 930 1790 usque
959 1701 1001 1768 ad
1029 1702 1239 1770 Gustavum

678 1818 876 1882 Asverum.

336 1998 505 2085 insequitur
538 1993 646 2060 familia
671 1996 750 2081 juris
781 1994 954 2074 doctorum,
989 1997 1099 2085 quibus
1129 1994 1286 2062 Germania

269 2114 367 2201 patria
389 2111 460 2187 fuit,
484 2114 561 2175 inter
583 2131 660 2198 quos
683 2131 778 2175 novae
801 2110 973 2189 Hatoanuu,
997 2111 1143 2190 balduini,
1168 2111 1285 2178 Donelli

275 2244 485 2256 —n—

326 2315 359 2380 11)
383 2311 436 2366 Lib.
449 2308 584 2384 singulad
603 2327 638 2376 ea,
657 2327 719 2382 quse
737 2311 762 2364 in
777 2309 870 2367 Novell
883 2313 976 2368 Justin.
987 2321 1041 2368 cett.
1060 2331 1084 2385 p.
1097 2313 1132 2368 97
1149 2313 1185 2381 (in
1197 2313 1284 2385 Zeper·

271 2410 343 2466 nielrii
361 2408 449 2464 Delect
468 2410 578 2481 scriptor.
596 2409 660 2463 Nov.
679 2407 765 2462 illustr.
784 2407 860 2464 Halae
874 2408 961 2477 1783).

325 2509 358 2575 ¹⁶)
384 2507 519 2562 comment.
532 2507 625 2577 dejure
637 2507 729 2562 noviss.
741 2504 796 2574 libr.
806 2507 850 2562 tv.
863 2508 981 2580 Antverp.
997 2507 1072 2564 1724.
1090 2508 1144 2564 lib.
1156 2506 1197 2575 111,
1210 2507 1229 2574 l,
1241 2507 1285 2562 21.

272 2605 325 2662 bib.
337 2605 383 2670 lV,
395 2604 452 2669 Vll,
464 2603 507 2658 29.

326 2704 359 2770 17)
382 2702 410 2756 ln
428 2699 529 2756 1Vlibr.
547 2700 606 2755 lnst.
625 2700 719 2755 comm
738 2701 849 2756 Norimb.
866 2700 941 2758 1726.
959 2701 1067 2768 biblii,
1083 2703 1123 2769 17,
1141 2701 1156 2773 5
1171 2704 1193 2757 1.

326 2799 359 2867 ²⁸)
383 2800 489 2854 imerius
506 2799 594 2870 injuria
611 2797 736 2870 vapulans.
756 2799 962 2874 Groning.1702.
981 2801 1042 2856 Coit
1054 2799 1111 2855 Vll.
1129 2799 1143 2870 ξ
1158 2801 1183 2854 4.

326 2897 358 2966 ¹⁹)
382 2897 526 2953 Πειθάνων
543 2896 582 2950 lib.
595 2898 628 2953 V·
648 2895 731 2952 (lolon.
747 2895 823 2951 1563.
837 2897 891 2951 Lib.
903 2896 933 2951 11.
946 2915 969 2968 p.
982 2897 1024 2953 60.
1053 2897 1102 2953 etr.
1115 2899 1226 2952 Asverus
1244 2896 1286 2952 ll.

271 3015 295 3068 p.
309 2994 350 3051 13.
377 3005 427 3052 not.
441 2995 489 3061 25,
513 3003 537 3049 et
559 2996 682 3050 Munzius:
707 2993 801 3050 Comm.
825 2995 850 3048 in
874 2994 932 3049 Inst
956 2993 994 3050 IV
1008 2993 1061 3049 libr.
1083 2995 1194 3050 Norimb.
1210 2994 1285 3051 1617.

271 3094 337 3148 libr.
349 3093 390 3160 111,
405 3095 446 3149 17.
464 3111 500 3148 nr.
516 3091 638 3149 11-13.

326 3191 361 3259 ²⁰)
385 3192 515 3245 Annivcrs.
528 3190 643 3261 disputat.
656 3189 686 3243 ad
703 3189 741 3244 tv
752 3188 806 3244 libr.
822 3189 880 3244 inst.
898 3190 965 3262 Lips.
981 3188 1057 3245 1694.
1075 3189 1105 3244 b.
1117 3189 1209 3256 xxm,
1221 3189 1247 3244 4.
1260 3191 1286 3246 6.

273 3317 308 3329 -
320 3289 437 3342 Timaeus
450 3287 528 3341 Faber
542 3286 637 3358 aliique,
657 3288 700 3358 qui
719 3287 750 3340 ob
768 3305 844 3342 usum
862 3287 983 3342 lonensem
1000 3297 1095 3343 tantum
1113 3290 1201 3343 correis
1214 3289 1286 3344 bene·

272 3386 356 3441 ficium
374 3385 498 3441 divisionis
516 3384 635 3450 tribuunt,
654 3401 710 3438 cum
728 3384 766 3438 hie
785 3385 814 3440 de
831 3385 1008 3457 interpretanda
1018 3385 1120 3440 Novella
1132 3393 1225 3460 agatur,
1244 3386 1287 3442 ad·

273 3485 384 3538 versariis
403 3483 591 3537 adnumerentur
609 3491 712 3554 oportet.

328 3581 362 3650 ¹¹)
386 3581 521 3637 Comment.
540 3581 571 3635 ad
588 3580 664 3636 Pand.
682 3581 765 3654 flagae
783 3580 871 3636 Comit.
886 3579 962 3636 1731.
979 3581 1032 3637 Lib.
1044 3581 1125 3648 XLV,
1138 3581 1163 3648 2,
1181 3599 1218 3636 nr.
1229 3583 1255 3637 4.

327 3677 361 3748 ²²)
384 3677 498 3733 Praelcet
513 3679 563 3750 jur.
582 3677 643 3732 civil.
662 3679 728 3750 Lips.
743 3678 819 3734 1707.
837 3679 864 3734 Ρ.
877 3677 895 3732 1.
913 3680 964 3733 Tit.
976 3680 1000 3735 J.
1013 3680 1042 3734 de
1055 3681 1113 3734 dun.
1125 3680 1173 3734 reis
1190 3696 1215 3752 p.
1227 3679 1287 3734 277.

273 3777 301 3833 Ρ.
314 3777 344 3832 11.
362 3778 414 3832 Tit.
432 3775 462 3830 b.
480 3778 518 3830 cit
535 3795 560 3848 p.
572 3775 632 3832 435.
669 3777 748 3842 Quem
772 3785 895 3832 auctorem
913 3776 1047 3833 seeundum
1065 3779 1190 3834 Asvcrum
1207 3795 1232 3851 p.
1247 3777 1288 3832 17.

273 3883 324 3931 not
337 3873 372 3930 43
391 3873 498 3948 allegavi.

326 3972 361 4043 23)
383 3971 499 4030 Toullicu
514 3970 532 4026 l.
543 3970 559 4027 l.
578 3972 633 4028 vide
651 3971 703 4043 54.
721 3980 772 4027 not.
788 3973 828 4028 16.
