2952 4556
629 334 789 436 ..r—o-

199 539 304 582 rursus
332 516 492 603 fidejussor
519 529 579 592 est,
610 513 649 579 ob
678 513 851 580 beneficium
879 511 1001 579 Note
1030 515 1061 576 in
1084 512 1213 577 solidum

200 635 279 718 exigi
307 634 419 719 nequit.
460 629 554 714 Quam
584 629 784 695 difficultatem
807 628 970 717 Imperator
992 631 1033 693 ita
1056 628 1149 704 tollit,
1169 613 1214 693 'dt

200 745 297 824 ambo,
321 748 392 834 quia
413 748 455 810 rei
479 749 548 821 sint,
572 745 675 811 eodem
698 757 839 832 tempore,
864 757 894 809 et
916 747 987 832 quia
1001 758 1126 831 uterque
1141 742 1215 808 fide-

195 862 300 948 jussor
322 864 376 938 sit,
404 884 467 926 non
490 865 520 926 in
544 861 688 938 solidum,
712 859 766 926 sed
789 859 944 925 dumtaxat
965 881 1021 947 pro
1045 871 1128 947 parte
1152 862 1215 922 exi·

199 989 317 1065 gantur.
365 976 455 1061 Quod
484 981 546 1043 sine
574 979 748 1065 exceptione
778 978 947 1053 constituit,
984 979 1009 1040 si
1037 975 1078 1040 illi
1107 996 1215 1040 unum·

199 1113 347 1180 quemque
373 1095 403 1159 in
426 1094 555 1160 solidum
578 1096 670 1158 teneri
693 1095 771 1180 pacti
795 1114 856 1156 non
879 1094 954 1170 sint,
985 1089 1067 1178 quod
1091 1093 1116 1156 si
1139 1093 1216 1156 inter

200 1221 299 1295 partes
327 1213 511 1287 convenerit,
541 1207 597 1275 sub
625 1209 681 1273 hac
707 1208 877 1273 conditione
903 1206 981 1273 idem
1009 1207 1100 1284 valet,
1132 1204 1214 1293 quod

202 1337 327 1412 uterque
350 1325 495 1391 solvendo
520 1338 549 1391 et
570 1346 710 1413 praesens
733 1328 782 1390 sit.

266 1435 485 1522 beneficium¹⁷)
513 1439 653 1506 Novellae
677 1439 835 1515 Donellus,
866 1438 1031 1504 Bortolum
1058 1450 1214 1525 sequutus,

201 1557 242 1620 ita
272 1554 427 1621 describit:
457 1555 546 1620 ›Vute
573 1557 649 1620 enim
678 1553 781 1618 umbos
812 1575 879 1620 reos
907 1552 995 1618 simul
1018 1553 1054 1618 de
1077 1556 1216 1619 universa

202 1691 317 1736 summa
335 1673 495 1747 conveniri,
522 1719 528 1734 .
547 1719 554 1734 .
577 1692 639 1735 rem
655 1671 849 1734 communiter
865 1668 1031 1756 disceptari,
1056 1681 1216 1756 utrumque

201 1789 233 1850 in
261 1807 416 1852 commune
443 1785 643 1851 condemnari.
682 1764 733 1850 sie
756 1783 861 1850 deinde
884 1787 915 1850 in
938 1787 1127 1850 exsecutione
1151 1805 1217 1848 sen·

201 1905 309 1968 tentiae
333 1901 440 1967 discuti
464 1902 650 1990 singulorum
673 1899 826 1966 facultates
843 1923 899 1988 pro
916 1923 949 1965 ea
965 1913 1057 1988 parte,
1081 1903 1111 1964 in
1128 1920 1217 1987 quarn

202 2019 267 2083 vult
297 2040 349 2083 eos
379 2021 481 2084 teneri.
511 2066 518 2082 .
545 2067 551 2080 .
582 2016 616 2083 Si
644 2021 733 2082 unius
764 2013 817 2099 (sc.
847 2011 939 2099 bona)
969 2039 1030 2081 non
1059 2014 1215 2092 sufficient,

202 2146 346 2222 quantum
375 2133 468 2198 deerit
493 2133 532 2198 ad
554 2136 783 2220 praestationem
806 2134 909 2220 partis,
939 2171 974 2180 -
1001 2135 1116 2197 actione
1133 2130 1218 2218 judi-

202 2252 258 2314 cati
281 2249 319 2314 ab
343 2248 435 2315 altero
463 2262 687 2336 consequetur«

269 2365 311 2430 tta
341 2364 467 2430 Donelio
498 2387 565 2430 vere
594 2365 770 2452 placuerunt
799 2377 828 2429 et
856 2376 1006 2452 superest,
1042 2376 1092 2443 ut,
1128 2384 1217 2451 quam

201 2473 305 2568 ipse¹⁸)
321 2484 464 2546 rationem
482 2481 554 2570 legis
572 2479 742 2568 prosesssus
758 2493 812 2558 est,
830 2479 995 2545 afferamus.
1022 2480 1131 2546 Mutua
1144 2479 1218 2544 lide-

197 2597 334 2682 jussione
357 2597 428 2662 dicit
452 2596 603 2672 declarari,
629 2619 718 2674 mem,
742 2619 798 2684 pro
815 2619 874 2684 qua
890 2599 939 2661 isti
956 2618 986 2661 se
1011 2593 1216 2682 obligaverint,

202 2714 233 2776 in
256 2734 411 2778 commune
434 2712 472 2777 ad
496 2725 655 2800 utrumque
678 2715 865 2799 pertinuisse,
890 2734 1001 2799 eosque
1024 2733 1055 2775 se
1078 2713 1110 2774 in
1133 2732 1167 2775 ea
1183 2721 1219 2774 ut

202 2828 287 2893 inre
310 2831 458 2893 communi
483 2827 645 2916 obligasse:
669 2826 795 2915 proinde
819 2839 848 2893 et
864 2850 919 2912 pro
936 2840 1028 2914 parte.
1067 2825 1126 2892 Ubi
1141 2828 1218 2890 enim

203 2941 265 3006 duo
288 2945 318 3006 in
342 2965 496 3008 commune
521 2943 707 3031 obligantur,
733 2941 876 3006 dividitur
899 2946 1049 3006 intereos
1074 2939 1217 3029 obligatio

204 3058 235 3122 in
262 3069 362 3143 partes
386 3057 485 3122 viriles
515 3079 609 3144 eoque
638 3078 691 3120 nee
720 3057 781 3121 duo
810 3058 852 3121 rei
875 3056 952 3120 liunt
973 3057 1007 3122 L.
1028 3053 1078 3121 ll.
1103 3054 1158 3139 §2
1183 3056 1218 3121 de

204 3171 275 3236 duo.
300 3175 382 3237 reis«
416 3211 452 3220 -
485 3172 580 3256 Quam
609 3175 752 3238 rationem
781 3171 924 3237 Donellus
953 3194 1016 3237 non
1043 3185 1159 3238 tantum
1188 3174 1218 3237 in

203 3309 269 3353 eum
293 3287 380 3353 finem
404 3288 537 3353 attulisse
556 3289 683 3365 videtur,
708 3301 743 3353 ut
764 3301 964 3376 praeceptum,
989 3288 1138 3354 debitores
1161 3310 1217 3376 pro

203 3416 287 3492 parte
311 3405 387 3470 virili
410 3404 629 3472 conveniendos
653 3425 727 3481 esse,
748 3405 864 3491 justum
887 3404 1032 3483 redderet,
1057 3405 1218 3471 sedetiam

203 3533 238 3586 ut
260 3521 411 3598 indicaret,
436 3541 527 3608 qrrare
551 3521 732 3608 conjunctim
756 3524 907 3587 conveniri
931 3520 1079 3587 deberent.

270 3636 456 3702 Postremum
481 3636 733 3726 supersedendum
757 3649 895 3716 nonest,
920 3637 1045 3703 eundem
1060 3637 1217 3702 Donellum

258 3899 291 3968 Π)
315 3899 431 3955 bonellus
449 3899 465 3954 l.
478 3899 493 3954 l.
512 3919 548 3954 nr.
561 3900 587 3956 8.

259 3999 292 4067 ¹⁸)
315 3997 430 4052 Donellus
449 4017 485 4052 nr.
498 3999 523 4052 5.
