2952 4556
761 325 784 393 d

694 413 855 426 -ῌ

266 525 334 572 cunr
347 505 383 572 L.
399 503 430 571 2.
447 501 482 572 C.
499 507 548 570 cit
564 506 607 570 ita
621 505 816 595 conjungunt,
839 517 876 572 ut
895 504 1083 585 Authcntica,
1107 506 1175 573 licet
1195 529 1281 596 prae-

266 626 352 710 cipue
375 621 414 688 ad
434 624 840 710 conventionemutriusquc
863 625 958 688 correi
980 624 1011 688 in
1039 621 1167 688 solidum
1190 625 1281 709 perti-

266 731 384 820 neat¹²),
407 751 505 804 umen
527 737 598 803 lmic
620 737 678 826 legi
699 737 812 826 adjecto
833 759 896 805 esse
912 730 1099 822 videatur¹⁸),
1122 742 1193 826 quia
1208 737 1281 804 llio·

267 854 409 920 cletianus
432 867 462 920 et
475 855 675 920 Maximianus
699 854 802 920 eodem
826 859 856 920 in
879 858 1023 942 rescnpto
1041 855 1094 940 jus
1109 877 1281 922 correorum

266 973 345 1037 inter
366 993 397 1036 se
419 969 604 1059 regrediendi
627 970 716 1035 simul
730 973 901 1058 tetigerunt
924 970 1008 1036 Alias
1031 972 1107 1036 enim
1130 991 1282 1059 unoquoc-

267 1107 325 1174 que
341 1098 503 1151 ceterarum
519 1087 776 1163 constitutionum,
791 1088 948 1174 praecipue
960 1087 1055 1153 L.ult.
1065 1085 1099 1153 C.
1109 1087 1176 1152 eod.
1189 1107 1281 1174 acque

267 1200 375 1267 idonce
401 1201 493 1267 fuisso
517 1202 682 1278 videretur,
710 1204 758 1266 cui
780 1201 962 1266 Authentica
985 1206 1101 1268 annecti
1123 1204 1281 1290 potuisset.

268 1315 359 1400 Quod
374 1319 400 1381 si
423 1320 464 1382 ita
479 1329 533 1394 cst,
556 1316 766 1382 Authcnticam
781 1319 901 1381 nonnisi
916 1315 954 1382 ab
968 1317 1090 1396 lrnerio,
1113 1318 1282 1384 Martinove

268 1443 320 1497 aut
334 1431 464 1520 Rogerio
489 1433 530 1498 illi
553 1433 611 1522 legi
633 1434 832 1521 postpositam
856 1453 920 1498 esse
943 1433 1024 1499 haud
1047 1446 1154 1499 temere
1175 1436 1283 1519 accipi·

267 1569 344 1614 mus.
379 1547 483 1635 Neque
506 1552 604 1614 minus
627 1548 807 1614 concedatur
829 1561 959 1635 oportet,
982 1548 1145 1615 Martinum
1168 1561 1198 1614 et
1219 1547 1283 1614 Ro·

267 1667 381 1753 gerium
415 1663 453 1730 ab
480 1666 537 1730 lrac
564 1666 763 1732 Anthenticae
792 1665 989 1755 dispositione
1017 1667 1138 1731 omnino
1170 1665 1282 1732 alienos

267 1779 368 1846 luisse.
414 1780 489 1847 Nam
513 1782 550 1847 dc
572 1775 761 1869 Rogerio¹⁴),
791 1785 843 1870 qui
865 1781 907 1848 iv
921 1781 1103 1848 Doctoribus
1132 1793 1282 1869 superstes

267 1896 373 1974 luerit,
403 1900 524 1962 omnino
549 1899 672 1984 cogitari
695 1919 757 1961 non
778 1909 894 1984 potest,
925 1908 955 1961 et
977 1900 1003 1962 si
1025 1890 1281 1978 inimicitiarumu)

268 2035 381 2077 memor
404 2015 454 2089 sis,
479 2033 555 2099 quae
577 2015 654 2078 inter
673 2011 836 2100 Bulgarum
859 2024 889 2077 ct
902 2012 1047 2078 loannem
1070 2026 1100 2078 et
1120 2013 1282 2079 Martinum

268 2141 414 2218 perpetuo
430 2131 656 2206 intercesserint,
680 2139 709 2193 ct
729 2150 773 2205 ea,
795 2150 870 2216 quae
886 2128 1088 2195 altercantium
1104 2129 1215 2194 invidia
1230 2150 1283 2218 pa·

269 2267 333 2311 rere
348 2245 452 2322 soleat,
475 2243 651 2323 consideres,
670 2244 822 2331 quomodo
837 2244 900 2310 fieri
918 2247 1026 2335 potuit,
1047 2258 1083 2311 ut
1097 2267 1131 2310 ea
1146 2245 1283 2311 Anthen-

268 2365 344 2426 ticae
367 2361 522 2426 collocatio
539 2360 685 2426 aloaunc
706 2361 823 2427 silentio
841 2364 961 2439 omissa,
986 2364 1058 2448 quin
1080 2365 1167 2427 ctiam
1190 2381 1282 2450 paene

270 2476 473 2564 comprobata,
497 2479 649 2542 encmine
670 2499 742 2543 vero
763 2498 802 2542 ex
824 2476 1061 2543 adversariorum
1084 2499 1208 2544 numero
1226 2499 1284 2542 un·

270 2615 359 2683 quam
381 2595 555 2681 impugnata
577 2596 629 2668 sit,
659 2596 715 2658 nisi
740 2615 898 2682 permagna
919 2594 1023 2659 lrnerii
1045 2596 1208 2659 auctoritas
1231 2613 1282 2657 eos

271 2707 475 2797 oppresserit?
506 2707 694 2774 Postremum
716 2708 857 2775 Novellac
884 2712 914 2774 in
942 2711 1100 2797 pristinum
1119 2711 1171 2796 jus
1194 2708 1284 2797 Dige-

271 2835 387 2890 storum
409 2837 439 2890 et
456 2822 575 2890 Codicis
599 2847 704 2914 magna
726 2828 781 2903 vis,
805 2837 857 2890 aut
879 2827 1030 2904 inusitata,
1054 2828 1080 2891 si
1102 2825 1195 2903 malis,
1219 2826 1283 2911 ejus

270 2943 393 3007 materia
407 2940 549 3007 lrnerium
564 2939 666 3031 lugere
689 2943 833 3029 nequivit,
857 2944 967 3029 quippe
983 2943 1034 3029 qui
1056 2943 1170 3029 primus
1185 2939 1282 3016 luerit,

272 3059 319 3122 cui
347 3057 386 3123 ad
410 3058 625 3124 Anthenticum
654 3070 683 3124 et
708 3057 860 3124 lulianum
889 3055 987 3123 aditus
1015 3060 1160 3144 patuerit,
1186 3093 1223 3106 -
1254 3055 1286 3120 id

272 3173 356 3259 quod
382 3173 465 3239 haud
494 3178 579 3260 parvi
608 3177 749 3240 momenti
776 3195 840 3239 esse
868 3173 1002 3252 videtur,
1031 3177 1057 3239 si
1085 3176 1227 3261 originem
1256 3183 1286 3236 ct

271 3299 407 3354 naturam
430 3288 675 3356 Authenticarum
700 3283 940 3373 recordamur¹⁶),
963 3290 1065 3379 quales
1089 3291 1158 3355 sint.

329 3505 361 3575 ¹²)
385 3505 423 3561 (il.
435 3506 489 3561 Hoc
500 3507 534 3561 ita
551 3515 576 3562 et
588 3505 625 3562 (il.
643 3506 671 3562 ln
690 3503 795 3561 solidum
813 3515 927 3564 tenentur
944 3509 974 3563 ed
987 3509 1065 3565 num.
1082 3508 1135 3563 Hoc
1147 3509 1180 3561 ita
1192 3505 1219 3562 G.
1231 3504 1285 3560 eod.

326 3602 359 3673 1ῑ)
385 3603 423 3658 Gl
436 3604 525 3660 Cedere
537 3604 568 3659 ad
579 3605 644 3659 Nor.
656 3603 691 3659 99
708 3613 751 3659 -et
768 3607 801 3659 sic
819 3607 853 3660 ita
871 3608 967 3680 corrigit
984 3607 1022 3662 hic
1041 3606 1108 3678 quod
1126 3613 1164 3659 est
1180 3606 1205 3658 in
1218 3603 1248 3658 1..
1260 3601 1285 3656 2.

272 3702 299 3758 θ.
312 3703 341 3757 de
353 3703 411 3757 duo.
423 3704 471 3757 reis
482 3703 596 3758 Arcum·
614 3733 648 3744 -
666 3700 758 3757 ledus
773 3701 882 3759 Ululdus
895 3705 1043 3759 Perusinus:
1057 3704 1191 3759 comment.
1203 3703 1228 3756 in
1241 3700 1285 3758 Vl.

273 3801 308 3870 (et
325 3799 405 3873 seqq.)
424 3801 483 3857 tou.
495 3799 548 3854 libr.
566 3800 654 3856 venet.
671 3801 745 3856 1577.
763 3800 806 3856 iol.
822 3801 872 3858 to2
890 3803 921 3858 ad
939 3803 1016 3857 nuth.
1041 3803 1095 3857 Hoc
1113 3803 1147 3856 ita
1165 3819 1201 3854 nr.
1216 3800 1238 3853 l.

290 3937 291 3942 κ
327 3899 360 3967 ¹⁴)
385 3900 494 3972 Srvigny
511 3897 526 3952 l.
538 3898 554 3953 l.
574 3899 632 3970 cap.
644 3899 738 3954 XXIX.
758 3929 792 3942 -
811 3901 844 3970 ¹⁵)
868 3900 978 3974 savigny
995 3899 1040 3954 ll
1059 3900 1116 3971 cap.
1129 3897 1247 3955 XXVlll.

327 3996 361 4066 ¹⁶)
384 3996 493 4070 Sevigny
511 3996 527 4052 l.
539 3996 555 4054 1.
572 4015 597 4070 p.
609 3995 644 4052 39
656 4014 711 4069 sqq.
