2952 4556
719 359 765 402 vu

666 421 824 434 ,οι-α,

240 519 336 589 ditur.
375 518 495 590 Deinde
516 521 584 588 vim
611 531 710 612 atque
733 519 873 589 indolem
898 521 991 590 vocis
1018 519 1105 590 illius
1132 517 1248 589 dubiae

239 639 332 712 »dit
353 643 428 712 eim«
452 643 616 737 detegere,
643 666 745 736 eaque
772 643 854 713 duce
873 665 916 713 ex
934 643 1006 713 aliis
1026 642 1208 714 rationibus
1227 665 1248 712 a

236 767 422 838 Justiniano
447 770 625 860 propositis
642 768 767 840 docere
798 767 927 852 studui,
953 768 1186 860 Imperatorem
1209 767 1248 838 de

238 891 366 962 duobus
380 892 573 983 pluribusve
584 886 654 964 reis‘
664 892 872 985 promittendi
887 895 1108 964 constituisse.
1135 893 1247 962 Tertio

237 1019 342 1108 capite
366 1018 525 1108 imprimis
549 1017 619 1088 hoc'
638 1039 746 1088 meum
770 1016 834 1088 fuit
855 1032 1032 1109 exponere,
1058 1015 1247 1086 beneficium

235 1140 403 1232 Epistolae
418 1142 491 1212 Divi
505 1142 661 1213 Hadriani
674 1165 695 1212 a
707 1143 863 1234 Principe,
881 1144 915 1211 in
934 1163 1047 1211 omnes
1062 1151 1175 1233 partes
1194 1163 1248 1210 ac·

236 1268 443 1336 curatissime
458 1265 667 1359 descriptum,
677 1267 717 1336 ad
734 1290 865 1338 correos
875 1266 1017 1352 debendi,
1026 1269 1081 1359 qui
1089 1287 1246 1358 expresse

118 1443 119 1447 ,
236 1413 273 1460 se
285 1393 319 1460 in
336 1390 476 1460 solidum
491 1390 716 1484 obligaverint,
732 1391 871 1462 extendi.
900 1391 972 1470 Qua
987 1390 1024 1460 de
1038 1413 1073 1461 re
1086 1390 1139 1461 hic
1153 1412 1247 1482 prae·

235 1525 417 1598 moneatur,
437 1537 481 1584 ex
498 1537 572 1584 mea
590 1519 760 1599 sententia,
779 1537 879 1608 quam
894 1515 959 1584 alia
970 1517 1004 1584 in
1019 1514 1247 1585 dissertatione

236 1635 383 1729 (propter
398 1638 629 1730 impedimenta
645 1637 831 1708 academica
845 1640 936 1730 typis
950 1637 1094 1708 nondum
1109 1661 1245 1724 excusa,

236 1761 294 1832 sed
307 1765 451 1832 instante
464 1765 616 1832 semestri
627 1761 762 1832 hiberno
777 1773 862 1832 certe
875 1762 1099 1854 imprimenda)
1111 1762 1244 1835 uberius

235 1896 269 1957 et
284 1889 474 1956 accuratius
494 1887 650 1979 explicui,
671 1885 862 1956 beneficium
879 1887 1062 1979 Epistolae,
1083 1888 1169 1980 quod
1187 1911 1246 1960 vo·

233 2023 310 2082 caut
329 2011 507 2096 divisionis,
528 2035 565 2080 eo
585 2015 774 2097 consistere,
795 2011 881 2104 quod
901 2011 1043 2082 creditor
1060 2035 1172 2084 omnes
1193 2014 1245 2085 de·

231 2129 366 2220 bitores,
386 2139 440 2228 qui
458 2148 649 2228 praesentes
670 2149 702 2206 et
720 2135 876 2207 solvendo
893 2140 968 2222 sint,
987 2159 1053 2207 una
1069 2138 1244 2232 eademque

233 2262 369 2346 actione,
388 2264 422 2330 in
439 2283 540 2330 unam
558 2283 723 2332 summam
737 2258 821 2348 (sive
834 2263 938 2332 totius
953 2262 1059 2348 debiti,
1079 2266 1150 2334 sive
1167 2286 1243 2355 par·

231 2389 276 2456 tis
296 2385 379 2481 ejus)
400 2388 469 2456 sine
488 2384 692 2456 distinctione
705 2390 848 2478 partium
864 2399 1029 2478 concepta,
1046 2389 1244 2482 conjunctim

234 2520 266 2581 et
283 2511 381 2580 simul
400 2513 589 2594 conveniat,
612 2523 645 2581 et
656 2511 762 2606 judex
781 2533 941 2604 quemque
956 2533 1078 2598 eorum,
1098 2514 1153 2605 qui
1168 2535 1244 2583 con·

232 2638 321 2706 venti
335 2638 411 2719 sint,
425 2634 637 2707 facultatibus
653 2637 828 2707 eorundem
843 2637 1037 2729 exploratis,
1050 2648 1109 2706 aut
1122 2641 1155 2706 in
1168 2660 1243 2729 par·

230 2771 297 2828 tem
315 2760 442 2830 virilem
461 2763 573 2829 autin
592 2762 751 2854 majorem
772 2763 969 2831 minoremve
987 2735 1124 2853 partem,
1142 2775 1243 2854 prout

231 2882 387 2955 solvendo
407 2887 461 2968 sit,
482 2883 681 2969 condemnet,
701 2885 759 2956 sed
776 2888 833 2971 ita,
852 2898 891 2956 ut
902 2897 1014 2978 partes
1029 2896 1134 2956 totam
1153 2911 1242 2958 sum-

229 3031 318 3078 mam
338 3009 500 3102 expleant,
523 3031 606 3101 quae
625 3009 666 3078 ab
686 2988 796 3079 actore
815 3013 917 3101 petita
936 3013 988 3079 sit.
1023 3011 1138 3080 Talem
1158 3015 1241 3083 enim

229 3132 391 3202 tractandi
409 3131 553 3202 beneficii
572 3135 731 3203 rationem
749 3137 782 3204 in
800 3133 905 3204 bonae
923 3133 996 3204 fidei
1009 3135 1142 3229 judiciis
1160 3137 1242 3208 obti-

228 3259 342 3328 nuisse
367 3257 524 3341 arbitror,
551 3280 691 3350 quorum
716 3270 869 3329 naturam
893 3261 1069 3331 Justiniaui
1093 3273 1240 3354 tempore

223 3383 348 3476 judicia
367 3405 495 3475 quoque
514 3382 676 3454 adversus
692 3407 822 3455 eorreos
837 3385 927 3456 facta
941 3387 1171 3478 sequebantur.
1193 3429 1236 3440 —

227 3507 316 3578 Haec
331 3511 433 3601 igitur
446 3531 524 3600 pars
539 3511 668 3579 nonnisi
680 3508 736 3579 illa
751 3509 979 3582 dissertatione
993 3513 1141 3604 inspecta
1156 3517 1239 3583 satis

228 3635 410 3702 examinari
428 3637 557 3724 poterit.

309 3756 402 3834 Quod
410 3780 510 3829 voces
525 3761 607 3828 artis
623 3761 856 3851 grammaticae
869 3759 1036 3830 technicas
1050 3759 1167 3831 litteris
1182 3764 1240 3832 ini·

226 3879 360 3951 tialibus
379 3882 560 3976 majoribus
579 3885 720 3975 imprimi
738 3886 862 3969 curavi,
881 3884 954 3954 inde
966 3883 1070 3956 lector
1087 3889 1237 3978 protinus

227 4027 339 4077 earum
358 4011 524 4101 cognitam
541 4007 662 4078 habeat
679 4019 842 4079 naturam.
