2952 4556
733 314 778 384 te

683 407 840 418 ——---

254 497 292 562 ad
315 519 390 584 quas
413 495 533 572 aceedit,
558 495 670 584 aliquid
692 509 806 561 mutare
826 509 936 583 potest,
960 519 1056 586 neque
1074 510 1177 563 mutua
1194 495 1267 563 lide·

249 613 348 699 jussio
370 615 504 677 imitatur
525 627 660 678 naturam
684 613 885 700 stipulationis
908 613 1094 700 Aquilianae,
1117 633 1193 700 quae
1211 611 1267 677 ob-

253 727 408 815 ligationes
437 728 567 794 diversas
595 743 624 794 et
647 728 787 793 discretas
810 731 842 792 in
864 751 953 793 unam
976 751 1083 794 novam
1107 727 1267 816 obligatio·

252 865 319 908 nero
349 844 561 932 eompleetitur.
590 881 625 892 -
650 845 753 931 ltaque
782 865 867 909 casus
897 845 1062 910 aDonello
1089 847 1266 932 propositus

253 983 270 1024 a
298 959 490 1046 fidejussione
519 971 622 1024 mutua
648 961 761 1024 alienus
785 981 932 1025 essenon
958 960 1089 1037 videtur,
1118 958 1170 1024 sed
1194 982 1266 1025 eon·

253 1079 406 1163 sequentia
427 1076 490 1153 illa,
520 1088 624 1139 mutua
645 1075 837 1162 fidejussione
861 1075 1014 1153 declarari,
1044 1098 1120 1152 rem,
1152 1078 1265 1162 inqua

251 1192 442 1278 fidejussores
470 1193 566 1256 mutui
589 1212 621 1255 se
645 1190 854 1279 obligaverint,
884 1195 1108 1269 incommune,
1138 1189 1265 1278 proinde

253 1321 282 1374 et
309 1331 365 1395 pro
395 1321 479 1395 parte
509 1306 546 1372 ael
576 1319 736 1394 utrumque
764 1311 956 1395 pertinuisse,
987 1329 1080 1394 aeque
1109 1305 1265 1371 refutanda

252 1436 312 1501 est,
343 1445 432 1511 quarn
456 1427 525 1500 ista,
556 1445 644 1510 quaro
668 1421 802 1510 Savigny
825 1427 965 1500 tentavit,
990 1445 1078 1510 quaro
1101 1443 1197 1510 nuper
1219 1444 1266 1485 re·

246 1540 382 1628 jecimus.
428 1537 504 1604 Nam
538 1560 604 1604 eum
632 1537 823 1625 fidejussores
851 1537 890 1602 ad
919 1537 1096 1626 quamlibet,
1132 1558 1203 1624 ergo
1227 1535 1265 1601 ad

252 1655 383 1722 diversas
405 1676 528 1743 qnoque
550 1653 747 1742 obligationes
770 1655 905 1720 accedere
926 1657 1054 1740 possint,
1079 1675 1093 1717 e
1115 1655 1264 1718 contrario

252 1794 339 1838 ares·
363 1770 403 1836 ob
426 1784 558 1837 mutuam
580 1770 818 1855 liedejussionem
836 1773 866 1834 in
882 1791 1036 1834 commune
1052 1768 1090 1833 ael
1107 1782 1265 1856 utrumque

250 1889 427 1975 pertinuerit
448 1907 565 1952 necesse
589 1896 721 1949 nonest.
759 1885 850 1947 lrnmo
868 1906 939 1948 vero
955 1885 1086 1971 regulam
1100 1885 1264 1972 generalem

250 2023 419 2090 proponere
442 2020 619 2086 possumus,
651 2011 782 2063 mutuam
807 1997 1028 2084 fidejussionem
1045 2001 1265 2091 fidejussiones

249 2117 356 2204 plures
377 2117 520 2202 vulgares
542 2137 620 2193 esse,
652 2111 761 2202 quibus
791 2114 870 2179 oller
896 2114 1104 2204 quodcunque
1132 2116 1263 2182 debiturn

252 2231 378 2298 alteriue
399 2233 457 2297 fide
480 2255 535 2298 sua
558 2254 622 2297 esse
639 2229 755 2318 jubeat.

319 2347 414 2430 Quam
442 2353 594 2414 notionem
617 2350 669 2435 qui
692 2349 723 2412 in
747 2345 846 2412 debito
870 2349 1065 2414 communiter
1087 2371 1104 2412 a
1125 2347 1263 2436 pluribus

251 2476 386 2551 accepto,
416 2467 458 2528 ita
484 2476 519 2529 ut
542 2466 746 2551 unusquisque
769 2485 824 2551 pro
847 2476 932 2551 parte
954 2464 1072 2530 debitor
1091 2464 1263 2552 principalis

250 2577 346 2644 laetus
362 2581 409 2655 sit,
432 2593 509 2644 reete
525 2580 595 2645 velit
609 2577 759 2656 adhibere,
784 2593 886 2644 caveat
900 2604 937 2646 ne
953 2580 1154 2658 obliviscatur,
1171 2584 1263 2645 nemi-

250 2716 317 2760 nern
346 2694 427 2782 apud
455 2695 580 2760 eundern
609 2694 783 2760 creditorem
813 2718 868 2783 pro
898 2719 954 2762 suo
985 2695 1085 2761 debito
1108 2695 1263 2762 efficaciter

249 2810 454 2898 fidejussorem
481 2815 615 2878 existere.
656 2810 731 2878 Cum
757 2812 797 2876 T·
821 2825 850 2877 et
873 2812 908 2878 S⁵
930 2812 992 2878 XX
1014 2816 1045 2877 in
1068 2834 1222 2877 commune
1244 2833 1262 2876 a

250 2926 393 2993 creditore
416 2941 598 3018 receperunt,
622 2932 664 2994 ita
688 2941 722 2993 ut
747 2928 787 2992 T·
811 2927 889 2994 inX
911 2941 940 2993 et
964 2927 999 2994 S⁵
1022 2927 1095 2993 inX
1117 2941 1260 3005 teneatur,

248 3057 351 3110 mutua
372 3045 562 3132 fidejussione
585 3046 642 3110 hae
665 3045 870 3133 stipulationes
894 3043 1199 3132 comprehenduntur:

360 3159 416 3238 Τῑ,
442 3183 517 3248 quae
535 3160 566 3226 X
582 3161 617 3227 S·
641 3162 713 3224 mihi
736 3160 832 3238 debet,
857 3183 890 3225 ea
911 3160 970 3225 lide
992 3173 1045 3226 tua
1068 3183 1130 3226 esse
1149 3157 1261 3247 jubes?

249 3285 278 3341 et
1303 3289 1308 3298 “

360 3387 411 3468 Sl,
436 3410 510 3477 quae
533 3384 578 3456 Χι
591 3389 630 3456 Τ·
655 3414 692 3456 ro.
711 3389 750 3469 d.‚
775 3415 800 3458 e.
817 3391 837 3458 l.
855 3407 876 3458 t.
894 3416 918 3459 e.
931 3393 995 3480 j.t;

248 3527 314 3571 curn
337 3505 375 3570 L·
399 3505 440 3570 T·
464 3503 500 3570 S·
522 3505 614 3571 XXX
636 3507 739 3572 iisdem
764 3509 820 3574 sub
844 3509 1065 3575 conditionibus
1089 3522 1191 3574 mutua
1213 3530 1261 3574 ae-

247 3625 386 3709 eeperint,
411 3621 618 3708 stipulationes
640 3626 682 3688 ita
705 3626 860 3713 conjungi:

359 3737 396 3804 Li
417 3751 445 3802 et
462 3736 515 3814 Ti,
541 3759 616 3826 quae
632 3739 662 3804 X
678 3739 713 3804 S·
738 3741 809 3806 rnihi
833 3740 928 3818 debet,
953 3763 987 3807 ea
1009 3744 1040 3805 in
1057 3741 1185 3806 solidum
1202 3741 1259 3806 lide

401 3867 499 3920 vestra
522 3876 585 3920 esse
604 3855 741 3942 jubetis?
766 3856 839 3934 rell,

246 3973 363 4039 minime
386 3984 484 4038 autem
508 3994 610 4037 ornnes
633 3975 662 4037 in
686 3995 775 4038 unam
798 3972 1007 4060 comprehendi
1029 3986 1174 4062 possunt:
