2936 4554
680 286 841 392 „Q

253 468 509 556 Quemadmodum
539 467 663 534 debitor
677 467 846 535 umidum
861 479 1002 555 patero,
1032 490 1091 556 qua
1114 469 1267 558 oblipctue

252 600 306 666 est,
329 589 364 650 io
385 587 519 652 solidum
540 587 651 672 poterit
673 583 848 650 conveniri?

319 705 430 770 Verum
452 724 489 767 ne
505 700 669 766 Halnandri
692 699 810 787 quidem
833 699 1070 787 supplementum
1092 713 1189 767 ratum
1212 703 1275 767 bn·

251 819 315 886 beri
329 830 438 906 potest,
464 797 641 905 quamquam
658 820 772 893 vidum,
796 837 857 904 quo
872 815 999 893 laborat,
1022 838 1095 882 uoce
1117 819 1264 907 »singuli«

251 935 385 1001 adbibita
408 933 531 999 faciliter
548 931 746 998 abscondidit.
783 929 860 996 Nam
875 935 901 996 si
917 933 1090 998 »tuamor«
1107 955 1174 1000 curn
1189 935 1265 1000 Vul-

250 1065 319 1139 gata
342 1053 507 1118 accuratius
531 1050 780 1136 »unnsquisque«
802 1061 1000 1114 transvertas:

362 1190 412 1231 an.
428 1179 450 1230 t.
466 1187 497 1252 p.
513 1188 540 1230 a.
557 1167 577 1228 i.
596 1167 803 1252 unusquisque
824 1167 845 1229 i.
862 1187 886 1229 s.
910 1167 1049 1253 exigitor,
1072 1165 1126 1231 scd
1147 1169 1264 1232 interim

361 1285 569 1369 unnsquisque
590 1303 646 1368 pro
669 1293 753 1368 parte
776 1283 914 1369 exigitor,
937 1303 995 1368 pro
1019 1304 1078 1371 qua
1101 1287 1265 1371 unusquis·

361 1420 420 1487 que
443 1409 586 1476 temetum«

249 1518 473 1605 Imperatorem,
501 1513 540 1579 ad
562 1535 649 1603 quem
673 1516 813 1601 cogitatio
836 1511 1039 1578 Haloandriua
1061 1518 1261 1602 pertinuisset,

249 1655 323 1700 voce
347 1634 478 1707 ἕκαστος
497 1629 635 1718 intelligis
651 1633 681 1695 in
697 1632 910 1710 enuntiatione,
934 1653 1009 1719 quae
1024 1652 1078 1718 per
1092 1631 1263 1698 Pronomen

248 1750 403 1816 relativum
425 1746 551 1835 periodo
574 1746 729 1833 principali
752 1767 869 1812 annexa
891 1759 945 1825 est,
969 1750 1014 1812 uti
1036 1769 1099 1812 non
1114 1747 1261 1826 debuisse,

248 1879 278 1932 et
306 1877 457 1953 practerea
486 1863 545 1928 hoc
571 1861 744 1928 Haloandro
774 1883 895 1951 quoque
922 1861 1037 1942 obstat,
1070 1863 1153 1950 quod
1180 1887 1261 1951 pars,

247 2004 304 2070 pro
328 2001 387 2069 qua
410 1982 537 2068 quisquc
559 1989 685 2056 tenetur,
709 1979 792 2044 nullo
810 1979 902 2046 verbo
926 1979 1109 2068 significatur
1131 2001 1165 2046 ea
1187 2003 1261 2059 esse,

247 2119 303 2186 pro
327 2119 387 2186 qua
409 2095 610 2183 principaliter
633 2094 794 2162 obstrictus
819 2098 867 2161 sit.

313 2212 382 2278 Alia
409 2212 615 2299 supplementa
641 2233 738 2300 neque
761 2224 895 2290 exstant,
924 2233 1020 2298 neque
1041 2214 1167 2277 inveniri
1189 2233 1261 2300 pos-

246 2340 333 2406 sunt,
363 2331 389 2392 si
417 2349 455 2391 ex
484 2331 618 2393 oratione
646 2327 829 2394 antecedenti
856 2327 1000 2415 periodus
1031 2326 1177 2413 explenda
1204 2341 1258 2394 est

246 2445 348 2531 ltaque
376 2446 472 2530 ipsam
494 2441 610 2530 ellipsin
633 2456 663 2508 et
685 2445 966 2530 interpunctionem,
998 2465 1057 2531 qua
1080 2446 1199 2522 nititur,
1224 2467 1259 2510 eo

246 2561 341 2646 magis
363 2558 529 2643 rejiciamus
553 2570 689 2645 oportet,
720 2562 902 2647 quominus
925 2561 975 2625 illa
998 2563 1142 2626 orationis
1164 2561 1260 2649 figura

245 2673 461 2765 praesumenda
481 2685 535 2740 est.
564 2674 668 2742 Eidem
683 2687 781 2741 antem
797 2678 1030 2765 interpunctioni
1045 2699 1147 2744 vocem
1163 2680 1259 2754 »τέως

245 2796 325 2880 μὲν»
353 2792 496 2860 obsistere
524 2805 610 2880 puto.
648 2792 751 2881 Longe
779 2791 898 2880 quidem
922 2793 1043 2872 absum,
1072 2807 1108 2860 ut
1130 2797 1165 2860 iis
1189 2817 1259 2860 con-

245 2911 441 2989 tradicturus,
467 2912 520 2998 qui
541 2912 813 2998 interpretationem
835 2921 963 2976 veterem
985 2909 1196 2999 comprobant,
1221 2911 1259 2976 ad

245 3028 277 3093 id
298 3051 345 3094 me
365 3025 498 3104 reseram,
522 3025 606 3114 quod
624 3038 729 3092 auctor
743 3025 889 3112 Vulgatae
905 3030 1052 3116 ceterique
1066 3028 1257 3094 translatores

244 3147 383 3210 notiones
410 3142 467 3206 »ab
490 3145 596 3207 initio«
619 3154 649 3207 et
671 3144 843 3219 »interim«
868 3146 924 3207 etsi
945 3143 1019 3208 nihil
1043 3147 1183 3210 contrarii
1205 3146 1258 3210 ha·

244 3258 348 3337 beant,
377 3261 453 3324 inter
475 3279 506 3322 se
530 3277 681 3344 opponere
705 3256 876 3336 videantur,
899 3271 935 3324 ut
957 3258 1123 3338 concedam,
1148 3264 1183 3325 iis
1206 3283 1259 3349 pe·

244 3375 348 3440 niodos
376 3375 495 3439 alteram
519 3373 602 3439 alteri
624 3375 786 3438 contrarias
809 3377 888 3440 visas
912 3397 985 3441 esse.
1024 3376 1136 3442 Verum
1160 3380 1257 3442 exiis

244 3512 366 3579 quaero,
391 3510 452 3576 quo
476 3509 565 3554 sensu
580 3488 655 3554 illud
670 3490 784 3564 »τέως
798 3491 886 3575 pic«
902 3494 1080 3558 instructum
1095 3495 1144 3558 sit.
1178 3491 1258 3558 Ante
1285 3488 1288 3492 ’

243 3605 474 3674 Dedelcc'ode'um
496 3627 582 3670 nemo
606 3609 730 3686 exstitit,
754 3611 806 3696 qui
829 3607 868 3673 ad
891 3609 966 3673 hanc
989 3613 1193 3698 quaestionem
1211 3631 1258 3675 re·

244 3723 381 3813 spondit;
410 3725 436 3788 is
464 3743 536 3789 vero
566 3716 652 3805 ait⁶):
683 3723 853 3791 »Particula
879 3737 976 3792 autem
1004 3727 1064 3810 μὲν
1093 3738 1165 3816 post
1192 3749 1258 3794 ver·

295 3970 318 4040 ⁶)
341 3970 579 4046 Dedekiudp.165.
598 3977 648 4028 not.
664 3972 686 4027 1.
706 3969 759 4027 coll
777 3989 802 4045 p.
820 3971 878 4027 160.
