2936 4554
597 315 757 414 „aos-

170 502 305 588 quamvis
328 499 413 564 initio
437 517 561 563 »omnes
583 496 646 561 itti«
669 494 744 562 falso
760 498 920 585 serip'serit.
948 496 1080 586 Vulgata
1095 510 1185 587 atque

168 615 390 704 Hombergltius
418 612 589 702 simpliciter
611 613 721 678 »illos«
744 624 774 678 et
803 603 903 678 »tlte«
932 611 1058 692 babent,
1088 635 1185 701 neque

99 811 106 826 ·
170 731 271 817 igitur,
296 733 348 817 qui
371 730 454 795 »itti«
479 733 547 807 sint,
572 728 785 817 significarunt.
807 766 843 777 -
870 726 947 794 Cum
971 725 1184 794 »bustorum«
1291 725 1292 730 ’

89 853 96 874 “
171 842 312 931 Subjeeta
340 848 400 911 sint
429 847 660 934 propositionis,
692 857 798 933 putare
827 846 894 931 quis
923 847 1035 932 possit,
1065 843 1184 910 eosdem

170 959 262 1032 verbo
292 957 472 1037 »ἐκείνανςι
499 961 638 1040 indicari,
668 963 827 1049 praecipue
856 981 922 1025 eum
951 973 1052 1049 partes
1081 982 1185 1026 eorum

170 1076 306 1142 assedere
329 1073 585 1164 (ἐκπληρῶσαι)
601 1077 768 1142 videantur.
804 1073 866 1141 Sed
888 1079 914 1140 si
938 1075 974 1141 de
996 1076 1118 1164 reliquis
1134 1097 1185 1141 eo·

168 1192 323 1280 gitandum
346 1206 439 1271 esset,
467 1195 656 1282 Imperatoris
684 1191 804 1270 luisset,
833 1191 1004 1258 Pronomen
1026 1183 1185 1267 »αὐιαῦςι

169 1309 217 1373 vel
239 1303 420 1385 »aerisonas
443 1330 506 1373 non
529 1321 627 1373 autem
650 1305 833 1381 »testatvr«
857 1300 1046 1390 adbibere¹⁸).
1091 1309 1183 1374 Immo

169 1444 241 1487 vero
265 1421 446 1499 »tustvovv
469 1422 505 1488 de
528 1425 669 1489 ommibus
691 1421 877 1488 debitoribus
896 1423 1078 1511 intelligatur
1092 1445 1185 1511 opor·

169 1550 222 1603 tet.
254 1538 388 1604 Primum
412 1542 489 1605 enim
509 1553 614 1628 postea
630 1541 764 1627 scripsit:
788 1532 899 1624 καὶμὴ
916 1532 952 1604 τὸ
968 1539 1078 1603 solvor
1091 1539 1185 1620 χρέος

170 1651 255 1719 ἴδιόν
281 1676 367 1730 τινας
395 1658 537 1737 γινέσθω
564 1651 681 1742 βαροςς
709 1676 796 1720 nemo
826 1665 924 1720 autem
954 1646 1184 1720 »dmlolrrov«

169 1782 266 1836 totum
296 1793 372 1836 onus
401 1775 431 1837 iu
461 1794 492 1838 se
521 1775 649 1858 recipere
676 1783 794 1859 potest,
825 1773 851 1835 si
879 1769 1008 1836 creditor
1031 1771 1184 1857 jamtum

169 1908 232 1950 uno
254 1887 334 1952 litem
358 1883 427 1975 (pro
450 1899 535 1975 parte
550 1888 597 1953 vel
619 1901 685 1953 toto
709 1882 823 1968 debito)
847 1898 1030 1952 contestatus
1050 1889 1098 1952 sit.
1128 1884 1184 1951 Sin

170 2023 242 2066 vero
265 1999 445 2079 ιὲιιείνανς·
469 2003 505 2068 de
529 2002 668 2069 omnibus
684 2005 794 2069 corneis
813 2002 995 2090 intelligitur,
1019 2015 1117 2068 totum
1133 2001 1184 2067 de·

169 2115 265 2182 bitum
288 2118 324 2183 ad
349 2119 472 2185 electum
496 2119 592 2184 solum
614 2121 755 2206 pertinet,
784 2121 809 2182 si
832 2121 920 2184 ceteri
942 2117 1031 2182 simul
1057 2139 1123 2184 eum
1147 2139 1182 2183 eo

169 2243 231 2311 nort
254 2238 472 2301 conveniuntur
494 2235 541 2300 vel
556 2247 655 2322 partes
671 2235 786 2300 solvere
801 2255 862 2299 non
881 2245 1039 2321 eoguntur.
1070 2232 1184 2299 Deinde

170 2362 268 2415 autem
291 2353 378 2416 etiam
401 2354 430 2415 in
455 2353 557 2417 oeteds
571 2347 713 2417 Novellae
732 2349 869 2438 partibus
886 2347 1064 2428 ιέιιείνανςι
1081 2371 1182 2415 omnes

168 2487 237 2531 reos
261 2487 324 2532 esse
349 2479 483 2555 oportet:

192 2578 211 2664 ἓ
229 2579 257 2647 1.
281 2576 374 2663 ἄγειν
395 2574 562 2663 κᾷιιείνονς
584 2577 702 2660 sbdole,
725 2605 792 2649 eum
812 2585 977 2674 Imperator
994 2583 1031 2650 de
1053 2595 1183 2670 utroque

281 2696 328 2762 vel
351 2696 489 2762 omnibus
512 2710 591 2786 agat.

193 2808 258 2894 §2
282 2806 447 2890 κᾴκείνονς
474 2813 732 2895 παραγίνεσθαι,
764 2834 830 2877 omn
860 2826 890 2879 et
918 2813 954 2878 do
984 2813 1105 2901 reliquis
1133 2813 1183 2877 bie

283 2929 403 2991 omnino
427 2948 489 2991 non
512 2929 552 2990 sit
571 2925 689 2992 loeutus
704 2927 867 3012 Imperator
887 2937 917 2993 et
933 2928 969 2994 de
984 2927 1087 2993 iisdem
1104 2939 1181 3016 agat,

282 3040 320 3106 ad
343 3062 420 3128 quos
444 3044 531 3107 etiam
554 3039 573 3125 ἕ
592 3039 606 3106 1
633 3054 756 3129 spectat.

193 3160 285 3246 prino.
314 3152 472 3237 ιιᾷκείναις
504 3151 755 3243 φαλαχθῇσαται
789 3156 855 3223 κτλ.
889 3170 918 3224 et
951 3155 1067 3224 destrue
1101 3171 1182 3242 σαμ-

282 3270 476 3359 φωνὴσαιεν.
524 3273 614 3357 Quod
637 3273 675 3338 ad
697 3273 771 3340 illud
792 3277 933 3362 pertinet,
957 3275 1082 3352 videsis,
1107 3296 1183 3363 quoe

282 3388 339 3455 sub
363 3388 452 3453 nnV
474 3411 674 3478 exponemus,
705 3389 788 3478 quod
816 3390 854 3456 ad
883 3391 957 3470 hoe,
986 3390 1085 3456 verbis
1108 3394 1184 3454 »noel

282 3506 413 3581 ἕκαστος
436 3501 593 3582 ἐνέξεται,
622 3499 727 3592 ὥσπερ
750 3504 787 3584 ἐξ
810 3501 910 3592 ἀρχῆς
933 3503 1182 3597 σανιγραῖψαιοι

282 3642 398 3687 omnem
422 3601 636 3687 dubitationem
660 3622 778 3688 excludi
799 3635 949 3710 putamus.

236 3737 288 3803 lv.
316 3741 381 3801 eorl
409 3736 465 3811 εἰς
488 3735 619 3803 ἐκεῖνο
643 3735 867 3819 ἐνέχεσθαι.
889 3771 933 3782 -
955 3738 1091 3826 Apparet
1113 3736 1184 3802 huie

169 3851 295 3939 periodo
312 3851 486 3939 subjeetum
509 3851 618 3918 deesse.
655 3852 745 3937 Quod
758 3855 890 3942 Vulgata
912 3857 965 3920 »in
982 3853 1056 3919 illud
1070 3854 1183 3918 teneri«

226 4006 259 4077 ¹⁸)
282 4007 393 4080 llrueger
409 4007 455 4063 l.l.

410 4109 412 4112 ’
972 4105 1006 4164 10
