2936 4554
684 327 853 428 Ao..

257 530 274 573 a
298 505 485 595 Theophilo,
515 525 611 594 neque
633 509 665 572 in
686 505 820 572 Basilicis
843 505 943 574 eadem
967 485 1087 594 semper¹
1109 522 1172 570 uox
1201 525 1273 572 eon·

257 635 370 689 stanter
391 636 507 689 serrata
530 635 584 690 est.
622 619 792 688 Pulendorl
804 625 880 688 onim
900 626 1053 688 annotavit
1069 621 1272 708 Theophilum

259 741 352 822 »περὶ
380 737 469 803 δύων
496 731 621 819 ἐνόχων
648 735 879 821 impressimus
906 741 960 803 soi
993 734 1272 820 dmrellopdvou·

257 875 379 942 quoque
402 856 556 941 scripsisse
579 866 609 918 et
630 856 790 940 scriptores
806 853 1000 919 Basilicarum
1023 837 1187 918 duosreos
1203 853 1274 918 sim·

257 969 372 1057 pliciter
387 969 478 1036 verbo
503 963 749 1045 »inaudimus«
767 983 797 1035 et
811 967 1044 1054 erumperant·
1060 968 1215 1035 indicasse.
1232 1003 1269 1018 -

257 1083 360 1172 Neque
390 1083 474 1173 quod
500 1083 625 1149 Novella
655 1105 717 1151 non
746 1088 778 1150 in
806 1088 851 1150 tit.
873 1085 923 1163 lll,
954 1085 1007 1150 sed
1035 1088 1067 1150 in
1094 1084 1185 1149 titll
1212 1082 1275 1148 col·

258 1198 355 1264 locata
369 1212 424 1276 est,
447 1203 545 1288 magni
561 1197 726 1265 laciendum
749 1213 803 1278 est,
827 1203 897 1288 quia
919 1204 950 1266 in
967 1199 1072 1289 Capite
1086 1199 1109 1264 1.
1131 1202 1202 1264 satis
1218 1198 1273 1264 do·

259 1317 383 1393 enimus,
410 1315 602 1402 quamobrem
624 1313 749 1382 Novella
771 1313 813 1382 99
837 1314 977 1382 Nouellac
1000 1313 1161 1381 tanaceti
1183 1327 1274 1400 potu-

258 1433 329 1508 erit,
359 1453 454 1519 neque
476 1431 567 1497 rerba
589 1434 791 1518 inscriptionis
818 1431 906 1497 titll
927 1434 1021 1520 magis
1045 1429 1083 1496 ad
1100 1429 1179 1496 Nor.
1198 1426 1271 1495 115.

259 1569 284 1612 c.
300 1544 339 1625 6,
368 1568 444 1634 quae
474 1547 567 1612 eidem
594 1547 682 1612 titulo
711 1551 822 1612 inserta
850 1559 909 1624 cst,
946 1568 1034 1635 quam
1063 1547 1102 1612 ad
1129 1544 1207 1611 Nor.
1229 1542 1272 1611 99

258 1661 398 1728 videntur
420 1665 575 1749 pertinere.
620 1661 679 1746 Qui
701 1676 799 1728 autem
823 1662 956 1728 ordinem
979 1674 1010 1726 et
1031 1664 1183 1728 materiam
1201 1663 1275 1726 titu-

258 1779 356 1846 lorum
371 1777 611 1865 supradictorum
628 1775 725 1842 obiter
738 1790 853 1843 tantum
864 1780 993 1866 inspicit,
1009 1781 1148 1866 protinus
1161 1799 1275 1865 cogno·

259 1898 327 1972 scit,
356 1906 493 1959 auctores
511 1895 564 1979 jus
586 1895 758 1959 universnm
780 1889 987 1970 Novellarum,
1016 1890 1100 1981 quod
1123 1891 1162 1957 ad
1183 1896 1274 1958 inter·

259 2031 410 2076 sessorum
433 2007 632 2074 conditionem
650 2011 778 2094 respicit,
802 2011 832 2074 iu
854 2030 948 2074 unum
970 2008 1089 2074 titulum
1110 2007 1272 2097 collegisse,

259 2147 347 2214 quem
367 2126 483 2192 titulol
506 2123 542 2190 de
565 2123 793 2212 fidejussoribus
822 2137 851 2190 ct
873 2123 1098 2190 mandatoribus
1123 2127 1273 2209 aptissime

260 2241 300 2306 ob
315 2240 467 2307 Novellam
490 2239 514 2307 4
536 2244 669 2307 connecti
692 2242 835 2328 putarint,
859 2261 925 2306 cum
949 2240 1081 2328 alioquin
1100 2237 1179 2304 Nor.
1199 2237 1272 2304 115.

260 2353 323 2421 et>
350 2359 471 2444 potius,
502 2377 591 2443 quam
614 2355 693 2421 Nor.
710 2353 753 2421 99
781 2358 812 2420 in
834 2356 933 2420 titlll
956 2368 986 2420 et
1006 2354 1085 2420 Nor.
1103 2353 1133 2420 3.
1156 2353 1219 2420 c.2
1242 2357 1273 2420 in

258 2470 367 2536 librum
391 2470 459 2536 Bas.
480 2470 572 2536 XXV
594 2470 713 2558 disponi
737 2469 897 2536 debuisset.
937 2469 1143 2554 Quinetiam,
1172 2473 1198 2535 si
1221 2469 1274 2534 ad·

259 2588 382 2650 versarii
410 2584 442 2650 id
470 2599 675 2674 argumentum
704 2607 836 2673 premere
858 2586 979 2663 vellent,
1010 2585 1114 2652 eodem
1132 2586 1216 2672 jore,
1247 2589 1273 2652 si

258 2701 435 2788 Imperator,
465 2704 497 2766 in
524 2701 558 2768 L.
581 2699 624 2768 28
648 2698 682 2767 C.
712 2700 749 2766 de
776 2699 1003 2787 fidejussoribus
1032 2703 1135 2790 lingua
1163 2701 1274 2768 Graece

259 2839 343 2894 usus,
367 2817 445 2884 duos
465 2839 533 2883 reos
549 2817 676 2884 fortasse
691 2839 765 2883 voce
780 2813 852 2882 stt.
868 2814 923 2882 ὑπ.
938 2817 1178 2895 demonstrasset,
1202 2839 1274 2883 con·

260 2933 376 3000 cludere
404 2946 544 3022 possent,
567 2935 602 2999 L.
619 2932 663 3001 28
679 2931 714 3000 C.
738 2933 775 2999 de
803 2933 971 3020 fidejussor.
1001 2931 1037 2998 dc
1066 2932 1186 3000 duobus
1214 2937 1272 3000 reis

259 3071 320 3115 non
344 3072 444 3138 agere,
472 3053 544 3138 quia
565 3049 681 3115 titulol
704 3050 740 3115 de
762 3047 990 3136 fidejussoribus
1020 3052 1129 3115 inserta
1156 3053 1205 3115 sit.
1233 3085 1270 3098 -·

259 3165 394 3252 Denique
421 3164 500 3230 unde
529 3165 693 3242 concludit,
728 3164 851 3230 verbum
881 3159 1105 3248 cillpisyrcinrc
1134 3187 1151 3230 a
1178 3163 1274 3231 lorma

258 3278 351 3345 Medii
374 3278 566 3363 lyrcoiopm,
593 3301 689 3367 neque
712 3278 749 3343 ab
765 3279 874 3346 Activo
891 3277 1018 3362 drrvoico
1041 3281 1088 3346 vel
1111 3281 1167 3346 alia
1189 3283 1299 3358 voce,i

259 3395 319 3460 huc
341 3407 502 3483 spectante,
526 3394 691 3460 derivatum
715 3394 800 3460 esse?

328 3508 512 3596 Quamquam
535 3513 627 3599 igitur
650 3523 823 3601 argumenta
845 3511 882 3577 ab
902 3511 1019 3578 Assera
1045 3525 1149 3578 eontra
1163 3511 1276 3579 Pulen·

258 3625 330 3692 lium
354 3626 440 3691 allata
463 3627 594 3713 perinde,
619 3639 706 3715 atque
728 3630 880 3715 propriam
904 3629 968 3713 ejus
985 3629 1211 3716 explicationem
1227 3650 1275 3693 re-

254 3744 389 3829 jicimus,
419 3754 517 3807 tamen
545 3741 583 3807 ad
610 3743 828 3808 conclusionem
854 3741 1038 3808 Pusendorlii
1067 3748 1167 3821 istam,
1197 3765 1274 3831 quae

259 3859 323 3924 luce
340 3861 446 3925 clarius
462 3858 535 3925 lalsa
551 3871 605 3937 est,
626 3861 743 3924 minime
759 3859 932 3924 accedimus.
969 3859 1147 3947 Priusquam
1165 3872 1273 3937 autem,

260 3995 335 4061 quae
358 3977 554 4062 nosmetipsi
577 3977 736 4053 sentimus,
766 3977 961 4063 exponimus,
991 3975 1194 4043 adnotandum
1218 3987 1273 4055 cst,
