2936 4554
624 296 784 398 „crr—

199 477 225 530 εί
244 473 274 530 dl
297 474 343 528 aot
365 493 389 528 τι
405 475 501 529 τοιοίιο
518 476 678 548 πραιτεθείη,

199 563 376 634 φυλάττεσθαι
397 563 449 635 μέν
470 559 498 616 τό
525 563 677 634 σύμφωνον,

200 651 247 706 τότε
263 648 344 711 stete
360 653 449 723 μέντοι
464 648 510 717 τὴν
521 649 607 721 ἀρχὴν
618 650 678 704 ἔκα-

199 754 259 794 στον
267 738 409 814 ὁλόκληρον
421 741 598 804 ἀπαιτεῖσθαι,
611 735 678 792 ἀλλὰ

198 831 259 888 τέως
274 829 325 900 μέν
342 825 409 882 κατὰ
425 827 471 894 τ“ην
484 833 593 899 μοῖραν,
611 826 675 881 καθ’

199 915 233 984 ἥν
254 916 359 976 ἕκαστος
379 919 504 987 ένεηεται,
524 920 625 986 χωρεῖν
649 915 678 968 δέ

199 1004 278 1060 αὐτόν
294 1005 341 1058 καί
358 1002 424 1058 κατὰ
445 1004 496 1058 τεόν
521 1003 677 1069 όπολοίπων,

198 1096 253 1164 είγι
275 1094 321 1147 ταί
343 1092 450 1167 ιόπορω
473 1092 679 1147 sollemniacensi

198 1182 348 1253 ένόημοόω.
360 1183 406 1236 καί
418 1184 443 1236 εί
451 1183 522 1236 τοῦτο
532 1179 610 1240 οὕτως
618 1183 678 1250 ἔχον

199 1274 302 1341 φανείη,
314 1273 340 1324 τί
348 1270 399 1340 μέν
410 1269 526 1344 εὐπόρως
537 1273 622 1342 έχουσι
632 1270 678 1323 καί

197 1359 324 1431 παρόντες
334 1359 443 1430 τόγοιεν,
460 1361 575 1417 ἐκείνοις
585 1359 677 1412 κινδυ-

197 1448 284 1501 νιόειν
300 1448 463 1522 ἐκπληρῶσαι
480 1446 587 1500 ἕκαστον
603 1449 640 1504 είς
650 1443 678 1498 τό

198 1539 295 1590 sinetur
304 1537 386 1609 μέρος
397 1532 423 1589 τό
435 1536 619 1606 ἀλληλεγγόως
628 1536 677 1588 δα-

197 1625 310 1688 νεισθέν,
328 1627 355 1686 ἐξ
366 1615 446 1698 οὗπερ
458 1623 525 1683 όλως
536 1627 622 1693 ἔνοχοι
632 1641 676 1694 γε·

197 1713 294 1784 γόνασι
316 1713 362 1766 καί
383 1711 422 1782 μη
445 1711 472 1765 τό
495 1716 584 1766 τοίνυν
596 1713 677 1785 χρέος

198 1802 269 1856 ίέιόν
286 1819 354 1860 τινος
370 1802 486 1871 γινέσθω
503 1801 594 1874 μέρος.
612 1803 637 1854 ελ
648 1800 676 1854 δέ

197 1891 244 1944 καί
261 1889 366 1963 ἀπόρως
377 1891 477 1958 ἔχοντες
491 1891 516 1942 ολ
526 1893 612 1943 λοίποι
623 1909 677 1959 φα-

197 1982 276 2045 νεῖεν,
293 1981 342 2031 εἴτε
353 1977 454 2041 πάντες,
471 1979 520 2030 εἴτε
537 1979 610 2040 τινές,
629 1979 676 2030 είτε

197 2071 235 2127 είς
250 2068 343 2140 μέρος,
366 2068 415 2118 alra
432 2068 470 2124 είς
487 2064 642 2136 ὀλόκληρον,
661 2064 676 2131 ἢ

197 2157 244 2210 καί
261 2155 369 2213 ἅπαντες
384 2153 469 2225 τυχόν,
487 2154 534 2207 καί
545 2157 583 2212 είς
593 2157 677 2207 έκεῖνο

197 2247 340 2315 ἐνέχεσθαι,
357 2241 423 2317 ὅπερ
438 2242 531 2310 λόβειν
541 2244 615 2312 παρὰ
627 2245 677 2295 τῶν

197 2333 285 2388 ἄλλων
296 2331 343 2386 οὐκ
352 2331 478 2398 ἠδυνήθη.
491 2329 557 2384 οότω
565 2327 618 2403 γόρ
629 2330 676 2403 nqi-

196 2425 294 2480 ιιείνοις
310 2420 505 2490 φυλαχθησεται
523 2419 537 2472 ό
553 2419 598 2473 τοῦ
611 2433 677 2491 συμ-

196 2509 290 2581 boiroo
301 2509 402 2578 τρόπος,
416 2509 462 2562 uoti
474 2509 604 2579 οὐδεμίαν
614 2507 677 2561 duo-

147 2631 150 2638 ·
198 2599 312 2664 στήσεται
324 2599 419 2666 ζημίαν
432 2595 446 2650 ό
460 2597 572 2667 ένόγων,
591 2595 643 2650 κᾶν
655 2598 681 2650 εί

197 2685 221 2741 al
237 2668 305 2762 πρός
322 2685 448 2752 ἀλλήλους
458 2687 554 2738 ἐκείνοι
567 2698 677 2755 συμφω-

197 2763 317 2842 νῆσαιεν,
341 2775 498 2845 ἀγνοοῦντος
516 2772 561 2826 τοῦ
577 2772 678 2831 τούτους

198 2865 299 2935 έχόντος
316 2855 490 2927 όπετθόναυξ,
509 2861 556 2916 καί
572 2859 678 2919 ἕκαστος

197 2955 318 3020 ἐνέξεται,
341 2943 429 3022 ὥσπερ
451 2954 480 3012 έξ
504 2950 586 3024 ἀρχῆς
603 2963 677 3002 συνε-

197 3043 329 3114 γρόψατο,
338 3042 446 3111 τέχναις,
460 3039 474 3106 ἢ
485 3041 579 3106 δόλοις,
591 3037 606 3104 ἢ
618 3039 677 3092 δια-

197 3127 509 3204 λόσεσινόπερραίνειντό
518 3131 678 3199 συγκείμενα

197 3220 235 3291 μη
253 3219 475 3295 σογχωροόμενος.

234 3395 287 3466 §L
305 3399 343 3451 El
358 3397 448 3468 μέντοι
465 3398 518 3454 τοῖς
532 3394 619 3455 αὐτοῖς
636 3397 678 3448 έν-

199 3487 310 3557 όημοίεν
327 3484 445 3554 ἑκάτεροι
467 3483 482 3550 ἢ
503 3484 550 3538 καί
567 3482 680 3543 ἅπαντες

198 3575 292 3640 τόποις,
310 3579 477 3645 θεσπίζομεν,
495 3570 539 3626 τόν
557 3574 599 3638 τῆς
616 3571 678 3626 dno-

198 3665 296 3723 θέσεως
313 3663 485 3735 ἀκροώμενον
502 3662 580 3733 ἄγειν
591 3663 679 3735 κᾴκεί-

199 3771 262 3813 ναας
278 3753 366 3817 εόθός,
385 3752 431 3806 καί
446 3752 520 3825 κοινῇ
531 3751 583 3823 μέν
594 3752 680 3813 ἐξετά-

97 3888 101 3898 ,
200 3846 252 3906 ζειν
263 3840 309 3910 τὴν
321 3839 455 3905 όπόθεσιν,
474 3837 564 3907 νοινην
576 3841 605 3894 δέ
617 3841 680 3895 ἑπό-

198 3951 259 4003 γειν
281 3931 382 4002 ψῆφον.
410 3929 475 3984 σέτω
501 3928 555 4004 γὰρ
582 3931 627 3984 καί
654 3933 681 3985 oi

730 471 776 526 tale
789 471 878 544 aliquid
891 471 1010 544 adjectum
1021 472 1101 538 luerit,
1114 491 1212 528 conser-

714 570 801 622 ‚vator
819 561 918 631 quidem
935 570 1034 631 pactum
1058 571 1211 629 conventum,

730 657 877 704 nontamen
895 651 1006 720 protinus
1027 650 1056 704 ab
1074 651 1141 704 initio
1160 652 1211 704 sin·

731 738 781 811 guli
799 741 824 792 in
842 737 948 792 solidum
964 741 1101 810 exiguntor,
1120 739 1211 793 sedin-

731 829 801 880 terim
814 845 863 899 pro
881 835 956 898 parte,
977 846 1021 898 pro
1039 847 1088 898 qua
1107 831 1212 898 quisquc

731 924 837 969 tenetur:
858 916 981 986 procedito
1000 925 1080 969 autem
1099 919 1120 970 is
1139 918 1211 970 etiam

730 1013 813 1057 ronna
831 1003 945 1075 reliquos,
965 1007 984 1056 si
1003 1003 1076 1058 modo
1095 1004 1211 1058 solvendo

731 1101 755 1146 ct
773 1094 797 1146 in
809 1093 862 1146 loco
875 1103 971 1164 praesto
985 1095 1040 1146 rint.
1066 1094 1099 1146 Et
1112 1093 1211 1164 quidem

731 1182 751 1234 si
769 1183 803 1234 ita
821 1200 847 1235 se
859 1199 898 1236 res
910 1182 996 1236 babere
1010 1182 1127 1248 videatur,
1146 1189 1175 1235 ut
1189 1190 1213 1236 ct

730 1287 814 1322 omnes
833 1269 865 1322 illi
884 1261 1009 1324 solvendo
1019 1273 1068 1324 siut
1085 1273 1150 1325 etin
1160 1289 1212 1325 rem

729 1366 879 1428 praesentem
897 1361 1019 1412 conveniri
1034 1369 1130 1430 queant,
1148 1362 1211 1430 peri-

730 1445 811 1499 culum
831 1449 944 1524 cuiquam
962 1446 1061 1500 illorum
1078 1450 1211 1512 immineto,

730 1543 759 1587 ut
776 1534 843 1604 quod
856 1535 902 1588 sub
915 1534 1044 1588 alternante
1056 1535 1212 1606 fidejussione
1274 1523 1276 1526 ¹

730 1623 847 1676 creditum
865 1632 915 1688 est,
937 1623 962 1678 id
980 1642 1024 1694 pro
1043 1641 1088 1676 sua
1106 1626 1211 1694 quisque

729 1720 803 1783 parte,
823 1729 855 1765 cx
873 1730 921 1782 qua
939 1715 1037 1774 omnino
1052 1721 1148 1766 tenetur
1166 1713 1210 1766 ob-

729 1802 827 1865 noxius,
838 1809 950 1871 praestet,
964 1818 1043 1870 neque
1057 1819 1097 1855 aes
1107 1801 1211 1856 alienum

730 1906 857 1942 commune
866 1891 988 1959 privatum
999 1888 1067 1942 alicui
1081 1907 1144 1942 onus
1157 1888 1210 1942 effi·

729 1980 797 2032 citor.
825 1979 852 2032 Si
864 1977 950 2048 reliqui
962 1996 1027 2044 vcro,
1047 1979 1098 2031 sive
1113 1977 1211 2048 qnidam

729 2084 762 2120 ex
778 2069 816 2132 iis,
835 2068 885 2120 sive
903 2069 928 2119 in
945 2076 1046 2137 partem,
1066 2068 1116 2119 sive
1132 2068 1156 2120 in
1168 2057 1210 2119 so·

729 2155 806 2208 lidum
825 2154 940 2209 solvendo
952 2172 1002 2208 non
1017 2156 1150 2219 videantur,
1169 2163 1212 2208 ant

729 2246 802 2297 etiam
820 2244 929 2298 absentes
948 2247 1004 2310 sint,
1023 2247 1048 2298 in
1061 2243 1121 2297 illud
1139 2245 1211 2298 etiam

729 2341 822 2386 tenetor
834 2333 965 2398 obnoxius,
984 2335 1051 2404 quod
1065 2333 1094 2385 ab
1107 2331 1158 2385 aliis
1171 2349 1210 2386 re·

730 2423 776 2492 cipi
793 2439 842 2478 non
860 2423 947 2492 potuit.
975 2422 1010 2475 lta
1023 2423 1087 2475 enim
1105 2430 1130 2474 ct
1146 2421 1224 2496 illius.

730 2512 793 2581 pacti
810 2512 920 2563 conventi
939 2512 1000 2564 ratio
1024 2511 1211 2576 conservabitur,

730 2618 809 2671 neque
821 2609 888 2654 actor
900 2599 991 2670 aliquid
1003 2600 1131 2653 sustinebit
1143 2600 1211 2653 dam-

730 2707 790 2741 num
814 2697 837 2741 ct
860 2697 889 2741 ut
908 2691 1014 2741 maxime
1032 2691 1155 2760 ignorante
1175 2707 1212 2754 eo,

730 2777 772 2846 qui
785 2775 831 2829 hos
843 2775 914 2828 babet
928 2777 1055 2840 obnoxios,
1075 2776 1164 2846 aliquid
1179 2775 1212 2829 illi

729 2865 792 2917 inter
800 2881 826 2917 se
835 2866 898 2934 pacti
906 2865 961 2927 sint,
968 2863 1123 2917 nihilominus
1133 2883 1211 2918 unus-

730 2954 835 3023 quisque
853 2952 984 3016 tenebitur,
1005 2952 1212 3022 quemadmodum

729 3035 797 3095 initio
821 3043 909 3112 scripto
934 3041 1135 3112 comprehensum
1157 3041 1212 3106 luit,

730 3148 780 3184 non
791 3130 918 3184 habiturus
931 3129 1056 3194 licentiam,
1072 3139 1099 3183 ut
1111 3130 1212 3195 artibus,

730 3218 770 3273 vel
787 3218 856 3284 dolis,
876 3218 913 3272 vel
926 3219 1127 3272 transactionibus
1145 3227 1212 3272 tran-

732 3308 881 3372 mundator,
901 3325 963 3377 quae
981 3316 1147 3362 convenerant.

767 3397 794 3450 Si
811 3398 836 3449 in
854 3396 939 3450 iisdem
958 3398 1056 3467 utrique
1075 3406 1212 3467 praesentes

731 3485 872 3540 absentesve
890 3486 938 3538 sint
951 3484 1017 3551 locis,
1037 3488 1166 3552 sancimus,
1185 3495 1214 3540 ut

732 3577 774 3646 qui
787 3592 886 3628 caussae
895 3573 1040 3628 audientiam
1050 3576 1215 3628 accommodat

732 3671 756 3716 ct
772 3665 884 3733 protinus
899 3665 925 3717 in
938 3665 981 3734 jus
995 3663 1048 3717 illos
1061 3664 1162 3735 produci
1169 3665 1213 3735 ju-

732 3752 787 3805 beat
809 3760 902 3806 ettam
920 3755 1080 3807 communiter
1102 3770 1214 3806 caussam

733 3845 861 3908 examinet,
881 3860 955 3912 quam
974 3859 1128 3895 communem
1143 3844 1215 3896 ctiam

732 3931 840 4002 proferat
851 3932 1000 3985 sententiam.
1020 3931 1055 3984 lta
1068 3932 1130 3986 enim
1144 3940 1169 3984 et
1180 3933 1215 3984 rei

1003 4027 1036 4083 tt
