2952 4556
676 303 837 404 At..

338 503 400 548 eem
423 475 552 564 mitum),
572 482 636 568 jam
658 496 743 549 antea
765 477 914 566 Planelr¹¹l
937 482 1086 571 probavit,
1111 485 1193 576 quod
1216 488 1263 552 in·

339 592 422 680 lra²²l
445 620 566 687 quoque
592 602 780 688 attingemus.

283 713 314 780 3.
338 713 473 801 Savigny
494 713 822 794 beneficium'Novellae
844 737 901 804 pru
916 711 1058 780 benelieio
1075 718 1262 782 excussionis

336 829 502 918 paullulum
524 842 638 896 mutato
662 828 781 908 babuit,
809 843 969 920 propterea
991 831 1075 918 quud
1098 831 1208 896 electus
1231 830 1264 896 id

337 957 552 1033 consequatur,
587 958 621 1010 ut
654 949 748 1011 correi
778 959 1006 1034 praesentes-et
1033 945 1133 1012 idonei
1161 957 1261 1033 partes

337 1073 418 1127 ratas
441 1060 557 1126 solvere
579 1073 734 1149 cogantur.
769 1060 830 1128 Sed

317 1172 350 1259 a)
383 1175 556 1242 beneficium
587 1179 773 1243 excussionis
803 1179 880 1244 inter
907 1200 990 1244 reum
1018 1176 1210 1267 principalem
1232 1189 1262 1243 et

381 1291 586 1380 fidejussorem
619 1292 717 1384 lpcunr
752 1294 856 1371 babet,
891 1293 1053 1359 secundum
1086 1293 1260 1380 Savignium

267 1427 271 1434 ’
383 1420 479 1473 autem
509 1430 644 1486 correus,
674 1412 726 1496 qui
754 1411 784 1474 in
813 1409 941 1476 solidum
963 1423 1095 1486 tenetur,
1124 1421 1260 1494 respectu

383 1526 475 1590 correi
496 1527 700 1590 excussionem
724 1519 876 1613 objicit¹³).
915 1524 984 1591 Duo
1000 1529 1042 1591 rei
1058 1524 1259 1614 promittendi,

172 1687 192 1698 ..
234 1659 240 1673 ·
276 1731 280 1740 Ι
355 1643 433 1740 ''qui
462 1641 524 1704 viee
550 1652 654 1704 mutua
680 1639 870 1726 fidejussores
898 1639 966 1706 lacti
990 1653 1075 1716 sunt,
1103 1662 1199 1729 neque
1222 1663 1261 1706 ex

383 1756 564 1843 obligatione
587 1755 719 1832 comacli,
744 1779 837 1844 neque
861 1779 898 1822 ex
921 1759 1083 1823 accessoria
1104 1760 1134 1822 in
1150 1769 1258 1844 partes,

383 1871 434 1937 sed
458 1893 496 1936 cx
520 1883 644 1959 utraque
667 1875 697 1936 in
721 1871 848 1936 solidum
872 1885 1024 1950 tenentum

316 1985 347 2071 d)
380 1985 554 2053 beneficium
578 1989 763 2052 excussionis
786 2010 947 2076 numquam
970 2010 1037 2053 eum
1055 1987 1190 2054 allectum
1206 1987 1260 2052 ha·

381 2102 448 2179 bet,
474 2113 508 2166 ut
536 2124 637 2167 omues
667 2102 815 2169 debitores
843 2105 932 2170 simul
958 2127 1018 2170 una
1046 2107 1161 2170 actione
1188 2125 1259 2168 con·

382 2221 552 2295 veniuntur,
581 2222 670 2284 immo
700 2241 787 2297 vcro,
817 2234 851 2286 ut
872 2213 1083 2308 Vangerow¹‘)
1112 2220 1259 2308 eleganter

382 2335 597 2411 animadvertit,
621 2347 723 2400 eonua
747 2337 880 2424 singulos
898 2335 1047 2402 debitores
1063 2335 1171 2400 diversi
1186 2357 1259 2423 pro·

383 2473 482 2519 cessus
498 2449 653 2538 iidemque,
675 2453 700 2514 si
717 2473 794 2516 unus
810 2474 877 2517 reus
893 2451 999 2516 absens
1015 2463 1067 2517 aut
1082 2471 1192 2538 egenus
1208 2453 1257 2526 sit,

383 2567 505 2633 diversis
528 2565 712 2652 temporibus
736 2570 928 2632 instituantur
951 2589 1028 2654 opus
1051 2579 1105 2632 est.
1146 2563 1258 2630 Secun-

384 2683 453 2748 dum
481 2682 559 2747 Nov.
583 2679 626 2747 99
660 2693 757 2747 autem
791 2704 892 2749 omnes
921 2682 960 2748 ad
989 2680 1110 2747 eandem
1139 2701 1256 2745 causam

381 2801 539 2888 pertinent.

318 2911 347 2996 c)
382 2913 416 2981 Si
444 2937 512 2981 reus
540 2913 710 3003 principalis
738 2926 858 3003 praesto
885 2915 1022 2990 nonsit,
1046 2909 1257 2978 Nomdfide-

376 3033 511 3118 jussori,
546 3044 582 3096 ut
614 3053 697 3096 reum
730 3029 920 3117 principalem
949 3040 1130 3116 praesentem
1159 3025 1255 3103 saciat,

379 3147 527 3212 modicum
551 3159 666 3234 tempus
689 3144 840 3232 indulget,
864 3143 945 3232 quod
968 3136 1179 3232 Vaogerow¹⁵l
1201 3144 1257 3206 im·

247 3267 459 3284 ...ιιι-ιι·-

301 3332 334 3396 ¹⁰)
357 3332 398 3384 An
416 3329 525 3400 savigny
541 3326 600 3380 ut
618 3326 648 3379 de
667 3326 763 3396 quire.
776 3325 806 3378 ad
819 3325 953 3395 eundjud.
976 3326 1077 3389 nouum
1096 3341 1127 3378 ex
1144 3322 1255 3394 pluribus

246 3427 370 3482 tutoribus
387 3443 465 3490 unua,
484 3425 550 3494 quod
569 3425 638 3477 ceteri
657 3441 706 3476 non
725 3423 774 3475 sint
791 3422 882 3487 idonei,
900 3425 1053 3487 convenitur,
1071 3419 1208 3493 postulante
1226 3437 1254 3473 eu

247 3540 332 3579 omnes
350 3523 381 3577 ad
399 3521 501 3576 eundem
509 3521 615 3590 judicem
627 3521 774 3574 mittuntur·
792 3527 846 3573 ante
859 3518 943 3573 oeulos
955 3519 1056 3572 babuit?
1083 3519 1155 3582 Quod
1167 3535 1255 3589 quam·

247 3638 321 3694 quam
339 3618 467 3674 verisimile
485 3617 544 3670 mibi
560 3636 609 3672 non
627 3627 665 3672 est
682 3617 735 3681 (cle.
751 3617 858 3688 Savigny
870 3615 886 3669 l.
898 3615 915 3670 l.
933 3634 957 3687 p.
971 3615 1031 3671 284.
1049 3623 1100 3670 not.
1112 3615 1156 3681 ee),
1174 3624 1255 3669 tamen

245 3719 357 3773 videatur
380 3718 409 3772 de
430 3714 470 3769 illa
492 3712 544 3788 lege
561 3715 650 3770 Planclr
672 3712 717 3769 l.l.
736 3733 760 3787 p.
776 3715 826 3769 116
839 3731 893 3785 sqq.
918 3723 942 3768 et
966 3714 1024 3769 diss.
1048 3731 1102 3768 mea
1124 3713 1153 3767 de
1176 3711 1254 3768 bened

246 3815 370 3872 divisionis
389 3813 458 3884 549.

300 3913 333 3980 ¹¹)
358 3910 448 3967 Planelr
465 3910 481 3965 l.
494 3909 510 3965 l.
529 3908 773 3982 p.111.112.138.
801 3936 835 3948 ·-
864 3909 897 3978 ¹²)
916 3907 965 3962 cn.
984 3907 1053 3977 539.

300 4008 333 4082 ²⁸)
355 4009 494 4084 Hugolinua
511 4008 528 4064 l.
540 4008 557 4064 l.
576 4038 610 4050 -
634 4009 666 4079 ¹⁴)
685 4007 826 4082 Vangerow
842 4023 867 4080 p.
880 4005 922 4061 89.
941 4035 975 4047 —
999 4007 1032 4072 ι5)
1052 4007 1191 4081 Vangerow
1207 3999 1252 4062 ll.
