2936 4554
631 322 900 431 —1—09-'r

203 510 334 578 bitorum
369 513 516 600 corrigere
547 512 691 589 voluisse,
727 497 779 598 lpui
812 531 868 598 pro
903 507 967 576 aliis
996 509 1119 600 obligati
1147 513 1216 578 sint.

203 626 273 691 lude
302 631 398 714 spatia
426 631 568 715 temporis
595 625 783 704 brevissima,
813 647 887 714 quae
913 627 992 722 inter
1014 628 1144 716 singulas
1168 650 1217 693 eas

203 743 283 831 leges
306 742 379 809 latas
403 744 502 831 elapso
524 755 604 820 sunt,
632 741 701 808 iude
723 744 833 807 mentio
857 742 1073 821 mandatorum,
1096 742 1218 828 fidejus·

203 877 322 937 sorum,
348 861 578 926 constitutorum
602 861 633 923 in
655 857 734 924 Nov.
752 855 796 924 99
819 853 858 922 ad
879 851 914 923 L.
930 857 986 924 ult.
1003 856 1038 924 C.
1061 858 1098 922 de
1121 870 1216 922 const.

203 995 267 1061 pec.
290 977 331 1040 ite
354 974 490 1063 deinceps
513 974 599 1053 iacta,
624 975 694 1039 dum
709 971 871 1039 Novellad
893 973 1120 1059 fidejussoribus
1136 995 1218 1038 man-

204 1087 324 1155 datores
352 1103 383 1155 et
408 1095 619 1157 constitutores
643 1077 855 1184 continuavit:¹
871 1089 940 1155 inde
963 1087 1113 1176 electionis
1136 1111 1218 1154 man·

205 1203 343 1271 datorum
370 1206 432 1271 rell.
463 1209 610 1272 restrictio
638 1203 826 1292 intelligitus,
851 1189 932 1272 'ddln
946 1179 1086 1294 ⁴prdpi'us
1114 1204 1220 1271 luisset

204 1319 377 1385 beneficium
401 1324 586 1387 excussionis
610 1319 723 1386 afferre.
1216 1301 1223 1338 ⁷

273 1433 332 1518 Qui
354 1457 426 1502 vero
449 1438 535 1500 nimis
558 1434 698 1500 audacter
720 1433 848 1499 a'nobis
870 1438 912 1500 ita
935 1437 1050 1522 conjici,
1075 1449 1105 1501 et
1124 1435 1219 1503 Justi·

205 1553 325 1615 mianum
360 1550 492 1616 crederet
524 1553 617 1638 magis
651 1554 798 1638 aequitate
833 1549 987 1615 divisionis
1020 1563 1050 1616 et
1077 1553 1218 1638 exemplis

200 1665 495 1752 jurisconsultorum,
519 1678 554 1730 ut
573 1679 658 1732 antea
673 1669 878 1755 exposuimus,
903 1665 1073 1743 adductum,
1097 1678 1134 1731 ut
1146 1667 1219 1754 legis
1337 1745 1340 1752 Ι

205 1793 325 1846 nostrae
348 1779 482 1847 lereudae
505 1782 660 1847 consilium
685 1795 809 1871 caperet,
838 1785 863 1846 is
886 1780 1013 1848 lortasse
1036 1803 1099 1846 eam
1122 1781 1220 1847 adhuc

206 1897 409 1983 quaestionem
439 1895 584 1975 movebit,
615 1920 667 1963 cur
694 1897 880 1988 iustinianus
910 1901 1002 1986 magis
1031 1897 1070 1962 ad
1091 1895 1169 1962 Nov.
1186 1895 1217 1974 4,
1328 1888 1336 1900 ”

206 2032 296 2098 quarn
318 2010 357 2076 ad
379 2012 411 2077 L·
428 2011 471 2078 28
488 2011 522 2078 G.
545 2015 594 2077 cit.
618 2017 648 2078 in
662 2016 818 2102 prooemio
841 2016 1059 2105 provocaverit,
1084 2015 1218 2102 quamvis

205 2139 332 2215 utraque
359 2128 409 2192 lex
438 2127 474 2192 de
497 2129 638 2194 electione
661 2129 830 2208 creditoris,
860 2131 933 2196 haec
956 2143 1053 2195 autern
1076 2131 1219 2217 imprimis

207 2242 242 2308 de
257 2244 398 2309 electione
413 2243 541 2309 duorum
557 2266 676 2311 reorum
692 2259 770 2334 agat.
809 2244 866 2312 Cui
880 2245 1105 2335 respondemus,
1129 2244 1163 2309 L.
1177 2241 1220 2309 28

207 2355 241 2424 C.
258 2362 307 2424 cit.
331 2357 369 2424 ad
392 2360 562 2426 electionem
585 2359 622 2426 ab
641 2363 855 2448 impedimentis
874 2362 1011 2428 omnibus
1026 2360 1237 2458 liberandam,

205 2472 323 2540 Novd
344 2487 374 2541 et
395 2473 473 2542 Nov.
490 2475 532 2544 99
557 2477 595 2543 ad
617 2477 789 2544 electionem
811 2478 1003 2546 coercendam
1025 2490 1166 2567 spectare.

670 2653 758 2740 sev.

458 2785 664 2852 Conclusio
688 2787 803 2873 hujus
827 2791 972 2875 capitis.

275 2933 358 3018 Quae
381 2931 419 3018 ἓξ
441 2935 682 3003 antecedentibus
705 2941 909 3025 exposuimus,
934 2941 965 3002 in
986 2936 1063 3002 hauc
1078 2959 1220 3004 summam

208 3050 307 3139 colligi
333 3063 475 3136 possunt:

272 3165 294 3230 l.
318 3165 430 3231 Electio
444 3186 556 3245 eorum,
571 3171 623 3256 qui
635 3191 691 3257 pro
705 3169 768 3235 aliis
781 3171 812 3235 in
824 3169 953 3235 solidum
964 3181 1110 3246 tenentur,
1127 3190 1221 3256 quum

206 3280 348 3348 beneficio
371 3285 567 3362 excussionis,
592 3297 654 3351 turn
677 3285 820 3352 beneficio
843 3285 997 3352 divisionis
1021 3287 1218 3374 restringitur.

274 3401 308 3466 ll.
342 3398 412 3466 Nou
440 3401 536 3465 solum
565 3401 753 3469 mandatores
776 3403 854 3481 rell,
883 3403 935 3469 sed
959 3407 1045 3470 etism
1069 3402 1130 3468 duo
1153 3402 1221 3491 plu-

207 3539 292 3584 resve
315 3520 357 3583 rei
379 3538 436 3605 pro
461 3515 567 3582 debitis
591 3517 692 3583 alienis
717 3517 842 3583 obnoxii
865 3531 945 3584 suut.

274 3633 320 3699 lll.
354 3633 457 3721 ltaque
487 3630 660 3699 beneficium
689 3633 860 3712 divisionis,
890 3633 1010 3700 duobus
1032 3637 1090 3699 reis
1113 3637 1221 3721 impec-

208 3751 305 3827 titum,
329 3749 499 3814 electionem
520 3771 633 3828 eorum,
657 3752 708 3838 qui
730 3773 787 3839 pro
803 3750 867 3814 aliis
882 3753 913 3815 in
929 3750 1058 3816 solidum
1073 3762 1219 3826 tenentur,

208 3887 270 3930 non
293 3887 377 3930 secus
399 3867 561 3953 restringit,
585 3888 619 3931 ac
639 3864 815 3932 beneficium
837 3869 1022 3932 excussionis
1041 3863 1222 3929 mandatori-

208 3977 266 4045 bus
290 3993 357 4045 cett.
382 3980 493 4046 datum.
