2936 4554
613 303 773 402 —15—1-

187 483 342 550 dioendum
366 497 411 550 est
430 496 539 572 partes,
564 480 674 571 quibus
691 481 727 548 de
742 486 850 572 agitur,
873 487 994 550 nonnisi
1008 487 1112 552 viriles
1127 509 1199 554 esse.

185 601 286 665 Primo
311 602 388 664 euim
410 611 567 686 praecepto
583 599 747 685 Imperator
763 602 926 677 constituit,
951 613 986 666 ut
1008 593 1082 666 ἄλλ.
1097 595 1201 668 cinaei«

185 718 301 790 θννοι,
325 718 350 779 si
374 718 425 780 »in
441 713 589 780 solidum«
605 737 666 779 uon
682 713 851 800 adjecerint,
875 737 930 802 pro
947 719 1048 804 aequis
1064 717 1200 803 partibus

186 835 330 896 actionem
353 832 498 896 sustinere
522 829 656 896 debcant.
700 831 814 896 Deinde
837 842 934 895 autem
958 830 1069 897 edicere
1092 837 1199 921 pergit,

185 960 222 1012 ut
243 950 269 1011 si
291 949 341 1012 »in
365 944 514 1010 solidum«
538 967 678 1033 expresse
694 946 858 1034 adjiciatur,
882 953 1039 1014 conventio
1056 949 1201 1014 servanda

185 1066 232 1140 sit,
257 1063 386 1128 sednon
402 1065 465 1128 sinc
481 1061 661 1127 conditione.
692 1060 860 1128 Conveutio
879 1064 997 1150 quidem
1014 1068 1044 1130 in
1060 1065 1199 1143 solidum,

185 1201 261 1267 quae
283 1177 427 1245 servanda
444 1191 498 1254 cst,
523 1181 656 1264 requirit,
681 1189 717 1242 ut
731 1178 871 1243 creditori
881 1180 933 1265 jus
949 1181 1097 1268 integrum
1114 1180 1201 1245 detur

185 1317 271 1382 quem
293 1294 364 1358 velit
386 1297 417 1357 in
439 1291 568 1356 solidum
592 1292 746 1380 exigendi3
768 1305 867 1358 tamen
889 1295 961 1360 haec
984 1295 1122 1360 creditori
1142 1319 1201 1382 po·

184 1423 275 1475 testas
291 1411 333 1474 ita
349 1406 465 1473 demum
481 1406 518 1472 ab
534 1407 714 1495 Imperatore
730 1407 910 1486 conceditur,
933 1412 957 1473 si
974 1411 1080 1496 reliqui
1096 1424 1201 1499 egeant

185 1537 238 1590 aut
260 1524 373 1600 absint,
404 1521 492 1597 dum,
516 1525 542 1588 si
565 1522 709 1588 solvendo
734 1536 763 1588 et
784 1537 903 1611 praesto
928 1529 1002 1604 sint,
1027 1539 1111 1590 actor
1132 1527 1199 1590 illos

183 1663 240 1728 pro
270 1638 407 1727 partibus
436 1641 593 1704 convenire
617 1638 755 1724 jubetur,
786 1643 839 1727 qui
867 1643 954 1706 etiam
984 1664 1040 1729 pro
1062 1640 1199 1728 partibus

184 1757 300 1824 solvere
324 1767 473 1844 coguntur
496 1749 707 1836 (κινδυνεύειν
721 1752 809 1838 κτλ).
850 1753 1018 1822 Conventio
1035 1759 1127 1844 igitur
1142 1754 1199 1820 sub

184 1871 354 1938 conditione
376 1883 493 1936 tantum
517 1869 709 1948 observatur,
739 1893 810 1960 ergo
834 1872 891 1938 sub
915 1874 1074 1938 contrario
1097 1872 1200 1936 condi-

183 1992 264 2054 tione
286 2010 350 2052 ooo
372 1999 517 2052 servatur.
551 1982 639 2052 :att
660 1983 843 2056 ὑπεύθυνοι
865 2001 973 2066 autem,
997 1991 1051 2076 qui
1074 1991 1126 2052 »in
1149 2009 1200 2052 so·

183 2104 297 2170 lidum«
326 2101 510 2190 adjecerunt,
541 2125 607 2167 cum
635 2102 691 2168 sub
716 2103 886 2169 conditione
909 2108 1053 2170 actionem
1077 2117 1107 2168 et
1129 2125 1200 2168 oon·

183 2219 400 2286 demnatiouem
422 2241 478 2306 pro
501 2231 600 2305 parte,
624 2221 740 2284 ratione
761 2223 908 2306 pactionis
931 2219 1114 2284 insolidum
1136 2211 1207 2284 nou‘

182 2332 300 2412 habita,
332 2337 478 2401 sustinere
506 2332 648 2412 debeant,
679 2337 715 2399 iis
738 2326 812 2398 ἄλλ.
834 2327 1036 2410 ὑπευθύνοις
1058 2337 1199 2423 aequipa-

181 2449 267 2517 randi
296 2462 382 2528 suut,
413 2454 465 2538 qui
487 2454 624 2538 pactione
647 2455 678 2516 in
701 2450 829 2516 solidum
852 2473 916 2518 non
937 2450 1014 2517 facta
1036 2473 1092 2539 pro
1115 2463 1199 2537 parte

182 2569 326 2632 actionem
342 2569 500 2644 sustinent,
516 2570 657 2654 quoniam
673 2566 724 2644 itti,
742 2570 767 2631 si
782 2571 881 2655 pactio
898 2570 1008 2634 servari
1023 2589 1086 2632 nou
1102 2565 1198 2642 debet,

183 2674 449 2747 stannaturam
461 2681 607 2768 simplices
619 2702 683 2746 esso
694 2682 842 2748 videntur.
861 2683 964 2771 Itaque
976 2681 1098 2770 perinde
1110 2695 1200 2768 atque

182 2799 214 2862 hi
236 2818 292 2884 pro
310 2796 457 2882 portibus
480 2797 587 2882 aequis
609 2817 663 2859 seu
685 2797 824 2860 virilibus
846 2796 1040 2862 conveniendi
1058 2809 1137 2861 sunt.
1158 2833 1195 2844 -

183 2911 217 2978 si
240 2913 307 2998 quis
331 2923 480 2997 opponat,
506 2931 521 2973 e
543 2908 668 2975 Novella
690 2913 818 2998 percipi,
843 2910 919 2974 hano
941 2923 1039 2975 tamen
1063 2909 1199 2975 differen-

182 3030 253 3093 tiam
281 3029 432 3091 intereos
456 3046 591 3102 correus,
622 3029 672 3112 qui
696 3028 726 3089 iu
750 3025 878 3090 solidum
900 3027 1101 3112 promiserint,
1127 3047 1199 3089 con-

182 3141 295 3207 ditione
317 3153 414 3205 autem
438 3144 582 3206 existente
605 3143 635 3205 in
658 3139 787 3205 solidum
810 3143 961 3206 conveniri
984 3162 1044 3205 non
1062 3138 1196 3218 debeant,

183 3270 212 3325 ct
235 3279 296 3334 eos,
321 3259 372 3344 qui
396 3259 517 3321 omniuo
541 3259 572 3321 in
594 3255 722 3322 solidum
742 3260 820 3344 pacti
836 3279 898 3322 non
914 3259 983 3332 sint,
1007 3256 1197 3332 intercedere,

182 3373 265 3462 quod
288 3372 330 3438 itti
353 3375 548 3438 communiter
564 3375 717 3438 conveniri
732 3372 868 3450 debeant,
892 3371 1117 3460 respondemus,
1139 3374 1198 3437 hoc

182 3500 356 3578 argumento
371 3487 579 3576 probationem
595 3510 612 3551 a
628 3486 715 3553 uobis
731 3483 837 3555 factam
852 3511 915 3554 non
926 3491 1044 3554 concuti
1057 3501 1087 3553 et
1097 3499 1197 3576 partes

181 3606 316 3682 actionis,
341 3616 444 3670 contra
461 3625 562 3668 omnes
579 3607 773 3670 communiter
787 3608 950 3682 institutae,
974 3605 1039 3670 aliis
1060 3603 1197 3692 partibus

181 3743 243 3786 non
260 3721 479 3798 demonstratis,
503 3723 623 3796 nonnisi
647 3742 756 3808 aequas
780 3743 834 3786 seu
856 3721 955 3786 viriles
979 3742 1042 3786 esso
1065 3712 1195 3808 posse²)‚

235 3963 257 4034 ²)
281 3964 346 4022 Dies.
364 3981 419 4020 mea
435 3963 452 4018 l.
472 3961 541 4035 531.
555 3963 654 4020 49.50.
