2952 4556
739 333 782 402 ³²

275 547 280 557 ·
320 512 394 598 Ejus
429 515 589 578 s'entemiae
623 534 738 578 errores
768 513 921 601 conspicui
954 517 1093 602 protinus
1122 535 1140 578 a
1170 511 1208 580 G.
1230 515 1280 580 Es

253 621 450 709 Schmidtio⁴)
478 640 508 693 et
529 622 753 712 Heimhaehtffi)
783 629 924 695 denudati
953 640 982 694 et
1010 629 1156 696 emendati
1183 633 1301 710 annis

254 742 307 807 sed
329 763 432 808 eorum
456 743 672 809 aBurehardio
696 744 895 810 dissensiones
918 757 948 810 et
970 765 1045 832 quae
1067 748 1125 833 ipsi
1149 745 1185 812 de
1202 745 1275 812 No··

253 858 329 922 vella
351 871 515 937 senserunt,
540 861 588 925 hio
611 861 682 926 mihi
705 861 790 927 liceat
811 864 984 949 praeterire,
1013 883 1080 926 euru
1103 862 1176 927 aiter
1199 866 1265 950 opi-

253 977 372 1038 nionem
394 974 571 1042 Burehardii
594 971 807 1061 emendatam⁸)
830 977 1021 1065 profiteatur,
1052 978 1126 1042 aiter
1148 990 1265 1044 senten-

252 1093 323 1154 tiam
347 1111 430 1156 suam
453 1096 618 1157 aeenratius
641 1115 703 1159 non
712 1095 880 1182 explicarit,
904 1093 1059 1160 Dedelrind
1073 1107 1171 1159 autem
1187 1093 1263 1160 idem

253 1227 318 1272 eum
343 1228 378 1272 eo
401 1205 579 1294 principium
605 1212 749 1297 aeeeperit
775 1203 1072 1298 interpretationie⁷),
1102 1224 1132 1278 et
1160 1233 1261 1276 oense·

253 1335 378 1410 quanter
400 1323 583 1410 explicuerit.

318 1439 415 1528 Magis
439 1453 535 1506 autem
558 1454 663 1507 nostra
684 1445 815 1508 intererit
836 1443 1009 1522 describere,
1034 1465 1122 1532 quam
1145 1455 1262 1509 senten-

251 1558 322 1622 tiam
345 1555 472 1624 Carolus
495 1557 655 1645 Adolphus
679 1558 715 1623 de
738 1543 941 1648 Vangerow⁸)
964 1560 1073 1625 tulerit.
1113 1558 1171 1643 Qui
1195 1582 1261 1625 curu

250 1674 435 1740 Burehardio
463 1696 519 1762 pre
544 1686 624 1739 certo
646 1673 752 1751 babet,
782 1673 981 1741 iustiniannm
1011 1676 1048 1741 de
1076 1674 1261 1742 debitoribus

250 1795 313 1857 viee
335 1805 438 1857 mutua
458 1788 689 1876 fidejubentibua
708 1793 949 1856 constitutionem
964 1792 1076 1870 tulisse,
1101 1813 1260 1880 quorume

249 1911 370 1995 negotio
394 1919 429 1971 nt
449 1927 505 1992 pro
529 1917 593 1970 rata
615 1904 844 1971 emolumenturn
870 1907 908 1972 ad
931 1929 1170 1996 unumquemque
1194 1929 1261 1994 per-

250 2025 372 2099 venerit,
397 2021 437 2085 ob
461 2033 571 2085 ceteras
587 2018 728 2086 Noveliae
743 2035 842 2108 partes
857 2026 990 2111 requirit.
1026 2025 1104 2089 Turn
1121 2027 1162 2088 ita
1179 2023 1260 2088 Van·

249 2159 355 2227 gerere
377 2139 487 2225 pergit:
517 2135 558 2212 Si,
581 2136 622 2200 illi
645 2141 834 2203 conventioni
857 2161 928 2204 suae
951 2162 1052 2206 vocem
1076 2143 1106 2204 in
1131 2139 1259 2205 solidum

248 2277 311 2322 non
326 2253 494 2342 adjecerint,
510 2263 666 2341 praecepta
680 2251 758 2318 Nor.
775 2252 806 2332 d,
823 2277 889 2320 oum
905 2268 1053 2343 tamqnam
1068 2255 1258 2342 fidejussores

248 2369 390 2436 beneficio
420 2371 604 2435 excussionis
633 2369 795 2457 gaudeant,
827 2394 883 2459 pro
910 2371 1045 2459 partibus
1067 2372 1257 2458 fidejussione

248 2486 468 2574 comprehensis
492 2486 588 2551 iocum
612 2483 731 2551 babent.
778 2485 838 2552 Sed
860 2497 968 2553 mutua
983 2488 1148 2578 fidejussio
1170 2491 1258 2552 etiarn

247 2602 293 2668 ita
314 2602 390 2667 iniri
405 2613 517 2688 potest,
541 2614 575 2666 ut
598 2601 636 2666 ad
651 2613 788 2668 mutuum
806 2603 1018 2668 restituendum
1035 2603 1210 2669 insolidum
1226 2623 1257 2667 se

248 2711 486 2807 obligaverint⁹).
523 2717 601 2782 Turn
626 2718 744 2806 quidem
759 2721 820 2784 veri
837 2723 931 2784 correi
948 2718 1073 2786 debendi
1095 2719 1180 2796 fiunt,
1205 2717 1258 2784 sed

299 2930 323 2996 ⁴)
346 2929 390 2984 Die
408 2929 555 3002 gemieebten
572 2929 700 2986 Einreden.
717 2929 803 2985 Dresd.
816 2948 841 2984 u.
853 2931 934 3001 Leipz.
948 2927 1024 2985 1839.
1041 2947 1065 3001 p.
1080 2928 1128 2984 121
1143 2945 1197 3000 sqq.

299 3029 320 3096 ⁵)
345 3027 458 3083 Zeitsehr.
476 3046 500 3082 v.
518 3027 602 3083 Linde.
624 3028 670 3083 Bd.
687 3027 757 3082 xvi.
781 3046 804 3100 p.
818 3028 942 3082 65-71.
978 3027 1006 3082 ln
1023 3025 1129 3082 Weiekii
1153 3026 1255 3081 Rechts-

244 3125 345 3180 lexieon.
363 3127 409 3180 Bd.
422 3127 441 3180 1.
462 3125 537 3182 1839.
555 3144 579 3196 p.
591 3125 651 3180 898.

298 3224 320 3292 ⁶)
343 3223 377 3278 V.
395 3221 457 3276 inira
475 3222 489 3292 ᾖ
507 3223 546 3276 17.

298 3322 320 3390 τ)
344 3321 377 3375 V.
394 3319 457 3374 inira
475 3318 544 3388 518.
572 3318 682 3391 savigny
698 3316 742 3371 tt
761 3335 785 3389 p.
801 3317 862 3374 282.
879 3320 964 3372 nost
989 3318 1173 3374 Heimbaebium
1194 3319 1255 3372 inter

244 3436 303 3475 auae
321 3419 441 3490 opinionis
459 3417 567 3470 fautores
585 3414 679 3481 retulit,
703 3415 770 3488 quod
789 3418 909 3470 immerito
927 3415 978 3471 fieri
997 3416 1111 3482 arbitror,
1129 3417 1254 3487 praecipue

243 3520 265 3573 ai
284 3516 509 3572 commentationem
526 3513 677 3568 ltetmbaehii
694 3515 719 3568 in
736 3513 812 3568 lexico
827 3514 971 3570 Weiskiano
989 3516 1108 3586 inspicias.
1137 3514 1173 3568 lbi
1190 3515 1254 3568 enim

243 3617 381 3687 opinionem
399 3612 490 3668 iuliani
500 3613 675 3684 Epitomatoria
693 3631 749 3667 cum
767 3613 884 3666 emtentia
897 3612 1041 3685 Savigniana
1051 3613 1192 3676 consentire,
1211 3610 1254 3666 sed

242 3731 302 3768 auae
319 3713 428 3784 opinioni
445 3713 588 3766 contrariam
605 3728 658 3765 esee
676 3709 771 3765 iatetm.

294 3813 317 3880 ⁰)
341 3811 483 3883 Vangerow
500 3807 542 3863 ib
561 3827 584 3882 p.
597 3809 631 3865 86
643 3827 697 3881 eqq.

296 3908 317 3975 ⁹)
343 3907 414 3972 Quod
438 3926 487 3962 non
512 3908 679 3963 animadvertit
701 3905 819 3960 Sintenie:
842 3905 891 3984 Das
913 3914 986 3976 praet.
1004 3923 1067 3977 gem.
1086 3903 1252 3961 civil-Recte.

240 4007 270 4061 tt.
283 4006 330 4061 Bd.
348 4006 428 4079 Leipz.
443 4004 518 4062 1847.
537 4024 561 4078 p.
576 4004 633 4060 132.
651 4012 702 4060 not
713 4003 756 4060 35.
