2936 4554
653 300 811 400 ,ου-υ

230 485 424 548 communiter
455 482 646 568 promittant,
683 478 753 544 dum
775 479 913 544 diversas
942 493 1041 567 partes
1071 481 1241 566 receperint,

229 620 325 687 neque
349 598 385 663 dc
407 596 497 662 modo
520 595 639 661 tenendi
663 594 737 683 quid
759 594 934 682 adjecerint,
964 599 996 660 iu
1020 617 1129 682 aequas
1151 597 1244 682 igitur

228 726 328 800 partes
351 712 473 801 obligati
497 715 564 787 sint,
589 712 638 775 hic
660 733 715 798 pro
739 711 790 775 illo
808 710 927 799 quidem
943 709 1096 776 obnoxius
1112 722 1166 787 est,
1191 707 1244 774 scd

229 849 290 894 non
318 851 419 894 omnes
447 831 570 892 invicem
600 822 720 912 [α’λληλ
735 871 743 890 .
760 872 767 889 .
784 821 946 908 landari]
974 827 1046 892 alter
1068 848 1124 913 pro
1149 825 1241 890 altero

228 957 374 1010 tenentur.
409 942 541 1020 Accedit,
566 942 649 1031 quod
670 945 712 1008 sic
728 963 849 1032 quoquo
872 941 1068 1030 obligationes
1092 953 1243 1029 separatae

228 1063 376 1138 oriuntur,
398 1063 439 1125 ita
462 1073 496 1125 ut
519 1058 652 1124 debitum
675 1080 829 1123 commune
843 1081 905 1123 non
922 1061 969 1123 sit.
1005 1056 1081 1122 Nam
1104 1059 1130 1122 si
1148 1057 1189 1121 Τ·
1213 1067 1243 1121 et

228 1175 264 1242 S·
286 1175 357 1253 XX,
381 1197 457 1263 quae
480 1188 583 1241 mutua
607 1177 780 1263 acceperint,
804 1177 845 1240 ita
868 1177 945 1239 inter
968 1195 999 1239 se
1019 1173 1183 1250 diviserint,
1208 1183 1243 1237 ut

229 1292 269 1356 T·
292 1290 323 1354 V
345 1303 375 1355 et
397 1289 432 1356 S·
454 1290 515 1354 XV
537 1303 641 1354 nactus
665 1293 712 1366 sit,
737 1287 824 1354 ambo
844 1301 941 1354 autem
964 1291 1160 1355 communiter
1180 1287 1243 1355 XX

227 1408 412 1493 promittant,
436 1417 561 1492 uterque
576 1407 608 1469 in
623 1403 655 1470 X
670 1416 700 1469 et
715 1404 755 1468 T·
778 1407 871 1492 igitur
892 1425 948 1491 pro
966 1403 1025 1481 8⁰,
1049 1405 1100 1470 sed
1119 1403 1155 1471 S·
1179 1427 1241 1471 nou

227 1543 283 1609 pro
301 1521 344 1586 Τ0
367 1533 492 1586 tenetur.
521 1520 633 1607 ltaque,
658 1531 901 1607 quantascunque
921 1532 1020 1606 partes
1039 1523 1239 1606 promiserint,

229 1659 294 1701 cum
306 1657 401 1725 neque
415 1658 556 1723 umquam
572 1639 695 1701 invicem
712 1635 785 1700 alter
800 1656 856 1721 pro
875 1635 967 1700 altero
986 1647 1151 1714 tencantur,
1168 1632 1242 1702 ἀλλ.

227 1745 435 1828 ύπούθυυους
457 1752 645 1817 insolidum
668 1751 817 1840 obligatos
841 1763 870 1816 et
891 1773 1010 1816 correos
1028 1750 1154 1817 debendi
1177 1773 1241 1818 esse

228 1871 372 1956 sequitur.
407 1868 522 1934 Etenim
547 1871 566 1932 ii
590 1869 656 1947 soli,
681 1871 733 1955 qui
754 1869 789 1932 io
810 1868 944 1933 solidum
967 1889 997 1932 se
1021 1865 1238 1956 obligaverunt,
1313 1897 1333 1934 ·.

227 1987 351 2048 invicem
374 1984 447 2049 alter
469 2006 524 2071 pro
541 1984 633 2049 altero
652 1983 791 2050 creditori
807 1995 955 2061 tenentur,
979 2006 1142 2073 eorumque
1158 1982 1241 2050 debi-

136 2171 139 2176 ,
227 2113 290 2166 tum
314 2121 382 2166 vere
405 2121 559 2166 commune
582 2122 646 2165 esse
667 2100 775 2187 liquet,
805 2103 867 2164 sive
895 2103 1048 2187 pecuniam
1079 2099 1176 2166 datam
1198 2103 1241 2166 ita

228 2217 401 2295 diviserunt,
415 2229 450 2282 ut
460 2218 666 2306 unusquisque
679 2228 792 2303 partem
805 2219 957 2303 acceperit,
968 2219 1030 2281 sive
1043 2220 1139 2282 omnis
1150 2239 1241 2303 pecu-

226 2335 276 2398 uia
287 2333 326 2398 ad
336 2355 429 2399 unum
441 2336 584 2420 pervenit,
599 2353 659 2420 quo
673 2354 743 2398 casu
755 2345 831 2398 certo
844 2336 1016 2399 »exactione
1029 2332 1182 2400 creditoris
1194 2337 1240 2398 iu·

226 2462 326 2536 specta
333 2443 378 2532 ⁹l‘
393 2453 518 2516 invicem
533 2450 607 2516 alter
621 2471 677 2537 pro
694 2449 785 2514 altero
804 2449 939 2515 obstricti
954 2462 1034 2515 sunt.
1068 2447 1127 2533 Qui
1142 2462 1239 2516 autem

226 2566 379 2653 stipulanti
402 2566 541 2632 creditori
561 2565 600 2631 ob
619 2587 737 2632 causam
754 2568 896 2653 pecuniae
913 2579 1034 2633 mutuae
1051 2578 1185 2654 acceptae
1208 2569 1238 2632 in

226 2681 354 2747 solidum
376 2685 570 2769 promittunt,
598 2684 619 2745 ii
642 2682 743 2746 correi
765 2682 897 2747 debendi
918 2683 1149 2748 constituantur.

294 2796 377 2879 Quae
400 2817 465 2861 cum
489 2799 531 2860 ita
548 2799 617 2872 sint,
642 2794 784 2881 probasse
801 2796 874 2860 mihi
891 2796 1006 2873 videor,
1030 2792 1122 2861 »ἄλλ
1137 2787 1239 2891 ύυυευ-Ι
1258 2788 1266 2801 ’

225 2906 370 2985 abacos«
394 2913 513 2976 nonnisi
537 2909 614 2975 duos
637 2932 705 2974 reos
728 2909 920 2996 promittendi
938 2932 1002 2975 esse
1019 2932 1128 2997 posse,¹
1142 2914 1238 3004 neque

225 3031 331 3095 mirum
355 3026 482 3104 videtur,
510 3025 603 3114 quod,
628 3027 680 3114 qui
701 3027 786 3089 initio
811 3046 874 3112 cap.
890 3025 903 3090 l
926 3019 1058 3089 υᾶλλ.ι
1041 3046 1115 3090 vrrs
1140 3009 1237 3153 vddati

226 3142 418 3221 matildem
441 3153 546 3229 postca
568 3141 605 3208 ab
625 3143 805 3230 Imperatore
830 3136 969 3218 »πάντες
991 3137 1023 3207 οἳ
1045 3131 1208 3244 ἔυοχοιοῖζ
1197 3181 1233 3193 -

226 3255 366 3334 »ὅλως
345 3279 526 3338 ουοχουι-
548 3255 700 3334 »τούτους
715 3254 873 3342 (ἔχοντος)
889 3253 1116 3335 ύπυυύύυουςε
1136 3209 1238 3391 apppl-

223 3376 333 3442 lantur.
386 3374 468 3457 Quae
496 3396 584 3439 voees
613 3396 649 3440 eo
679 3374 820 3453 tendunt,
851 3387 884 3440 ut
913 3366 1026 3439 till..t
1009 3397 1064 3440 υπ.
1094 3387 1123 3439 et
1151 3343 1236 3474 initio

223 3484 432 3566 ὑπευθύνους
454 3491 625 3578 simpliciter
646 3503 807 3556 vocaturus
829 3489 943 3569 luisset,
966 3494 1025 3556 nisi
1040 3512 1128 3556 causa
1144 3494 1237 3556 exsti·

222 3611 325 3685 tisset,
358 3605 397 3672 ob
421 3627 510 3695 mam
533 3628 585 3672 eos
607 3595 696 3694 ipsos
720 3601 943 3692 ἄλλυλεγγύυς
970 3603 1178 3680 ὑπευθύνους
1207 3618 1237 3671 et

224 3721 356 3788 debitum
372 3745 475 3788 eorum
491 3717 715 3807 ἀλληλεγγύως
731 3721 908 3788 ύαυευσθέυ
925 3723 1088 3814 significare
1106 3720 1234 3789 deberet.

226 3837 308 3920 Quae
330 3860 419 3903 causa
441 3831 558 3920 inicam)
581 3837 786 3925 explicabitur.

225 3951 435 3962 ——--....—

276 3993 299 4062 υ)
323 3992 372 4050 ea.
392 3991 462 4066 §aa
490 4022 524 4035 -
551 3993 585 4063 υ)
609 3992 659 4054 cn.
678 3991 739 4065 §aa
757 3994 783 4051 οι
800 3992 819 4050 f.
