2936 4554
639 355 801 456 „eps-

214 559 286 603 vero
309 549 460 625 superest,
489 549 525 603 ut
547 537 760 625 disquiramus,
785 559 823 602 an
846 549 876 603 et
897 536 935 605 ad
958 559 1010 603 cos
1033 537 1142 617 valeat,
1173 540 1225 627 qui

214 665 302 738 pacto
326 653 373 717 vel
395 665 570 718 testamento
593 651 663 717 lacti
686 655 755 718 sint.

282 765 315 832 Si
338 767 506 856 perpendis,
530 769 740 858 imperatorem
762 771 793 832 in
816 771 986 834 universum
1006 769 1042 836 dc
1065 763 1227 853 oillplay-

213 879 298 962 γύως
318 877 518 956 ὑπευθύνοις
540 884 633 971 lcgem
655 883 768 962 tulisse,
792 905 868 971 quos
884 892 1005 951 correus
1020 908 1059 950 ex
1081 884 1226 972 stipulatu

213 997 305 1063 luisse
327 1010 362 1064 e'o
384 997 622 1086 probaverimus,
646 999 729 1088 quod
744 1003 841 1065 mutui
856 999 917 1066 dati
935 1003 1110 1084 mentionem
1126 997 1227 1065 lecerit

215 1125 244 1177 et
266 1135 367 1180 vocem
392 1113 661 1202 »ouvsypduaoc'o«
684 1113 862 1194 adhibuerit,
886 1128 915 1182 tc
938 1115 1033 1180 dicere
1058 1125 1186 1204 oportet,
1210 1135 1226 1186 c

214 1242 310 1294 mentc
337 1230 514 1316 legislatoris
536 1227 689 1294 Nouellum
720 1229 756 1294 dc
782 1231 839 1295 illis
862 1231 934 1294 solis
956 1231 1044 1296 latam
1067 1253 1129 1295 non
1151 1251 1225 1295 csse.

213 1343 328 1408 Deinde
354 1366 415 1408 non
444 1343 548 1422 video,
586 1365 645 1432 qua
674 1347 704 1408 iu
733 1365 764 1410 rc
794 1346 947 1433 stipulatio
976 1359 1006 1410 et
1036 1359 1156 1432 pactum
1185 1347 1228 1410 ita

215 1458 399 1535 discordent,
423 1472 458 1523 ut
480 1459 525 1536 id,
550 1459 633 1547 quod
656 1459 807 1547 legislator
830 1459 867 1524 dc
889 1464 998 1525 corneis
1021 1481 1059 1524 cx
1082 1461 1227 1546 stipulatu

214 1573 298 1638 sactis
310 1577 456 1652 statuerit,
471 1575 508 1640 ad
520 1597 639 1640 correos
651 1589 787 1663 expecto
802 1575 921 1641 extendi
932 1599 994 1640 non
1006 1579 1112 1663 possit.
1137 1573 1228 1658 Quod

215 1711 334 1756 correus
356 1711 394 1754 cx
408 1702 584 1756 testamento
600 1694 714 1769 attinet,
738 1684 898 1773 fuerunt²),
923 1695 975 1779 qui
990 1689 1029 1755 ad
1044 1689 1227 1755 voluntatem

214 1807 380 1882 testatoris,
416 1827 452 1870 ex
481 1828 541 1895 qua
567 1807 709 1895 legatario
739 1805 926 1872 commodum
960 1806 1048 1894 legati
1079 1809 1227 1893 integrum

213 1920 424 2009 praestandum
452 1924 506 1999 sit,
540 1945 571 1988 sc
598 1922 756 1989 relerentes
783 1924 841 1988 illis
869 1921 1042 1988 beneficium
1071 1921 1226 1986 divisionis

215 2035 397 2126 denegarint.
432 2036 493 2102 Sed
514 2059 579 2104 cum
597 2041 660 2126 ipsc
675 2039 838 2126 Imperator
852 2035 994 2103 beneficio
1009 2059 1128 2104 reorum
1143 2036 1226 2102 nullo

215 2152 389 2218 creditorem
419 2153 526 2218 damno
556 2153 631 2219 affici
659 2154 783 2232 dixerit,
815 2175 910 2241 neque
938 2152 1077 2218 damnum
1105 2151 1228 2240 aliquod

215 2270 241 2332 ci
265 2271 335 2333 orici
359 2273 466 2356 possit,
490 2273 547 2334 nisi
569 2283 641 2356 post
663 2273 836 2336 sententiam
857 2269 946 2334 latam
969 2291 1048 2334 unus
1064 2291 1103 2333 cx
1118 2270 1227 2334 corneis

215 2382 254 2447 ad
281 2387 411 2472 inopiam
435 2388 616 2473 pervenerit,
647 2384 677 2449 id
701 2398 798 2452 autom
822 2385 960 2451 damnum
983 2397 1013 2450 ct
1035 2389 1156 2470 perrar'o
1170 2405 1259 2486 pac-ss.
1375 2412 1379 2420 ·

215 2496 301 2576 eldat,
326 2502 351 2564 si
370 2499 467 2587 judex
482 2500 638 2588 diligenter
653 2501 839 2589 singulorum
857 2501 1009 2568 facultates
1024 2485 1227 2589 perscrutatus

214 2616 263 2691 sit,
288 2617 365 2678 etsi
388 2615 533 2693 acciderit,
557 2639 619 2682 non
642 2621 735 2703 magis
758 2617 877 2682 adeum
894 2615 1067 2681 creditorem
1083 2621 1228 2703 portinere

213 2726 359 2806 videatur,
383 2732 430 2793 cui
453 2729 553 2817 plures
577 2729 763 2796 condemnati
786 2744 871 2807 sunt,
901 2753 989 2819 quam
1014 2730 1156 2808 adeum,
1181 2733 1228 2794 cui

216 2865 255 2908 ex
281 2866 314 2908 rc
341 2831 587 2932 judicata'ffinus
621 2843 808 2910 solummodo
840 2844 957 2910 debitor
984 2857 1115 2924 tenetur,
1152 2867 1228 2932 quae

216 2979 304 3023 causa
327 2972 427 3047 potest
449 2961 590 3036 inveniri,
615 2959 654 3024 ob
678 2982 766 3048 quarn
790 2963 900 3025 corneis
923 2982 962 3025 ex
983 2973 1159 3027 testamento
1176 2960 1229 3025 be-

216 3073 350 3140 neficium
374 3074 587 3163 indulgendum
609 3097 671 3140 non
694 3075 755 3140 sit?

284 3188 482 3272 Quamobrem
504 3189 661 3279 praecepta
675 3189 816 3257 Novellac
838 3190 877 3256 ad
895 3213 996 3258 omnes
1013 3214 1141 3270 corneos,
1166 3195 1227 3258 sive

216 3326 255 3370 cx
277 3305 437 3392 stipulatu,
462 3309 524 3372 sive
547 3321 705 3396 expecto,
730 3311 792 3373 sive
815 3329 854 3373 cx
875 3320 1050 3374 testamento
1074 3307 1142 3374 lacti
1158 3311 1226 3388 sint,

215 3423 362 3507 pertinere
385 3443 500 3487 conseo.

269 3593 292 3665 ²)
314 3595 407 3650 Puehta
425 3595 501 3650 Pand.
520 3595 608 3667 5235.
627 3605 716 3653 noto.
743 3597 773 3652 dc
791 3595 918 3653 Schrocter
934 3596 951 3651 l.
963 3596 979 3652 l.
997 3616 1022 3669 p.
1034 3597 1087 3654 438
1099 3615 1154 3671 sqq.
