2936 4554
607 309 768 412 ...ll-³..

179 484 445 575 »αλληλιγγύωςι
459 489 581 558 verbum
594 493 792 578 compositum
804 511 878 568 esse,
891 511 987 580 neque
1003 491 1039 556 de
1055 514 1090 557 eo
1107 493 1194 579 quid-

180 627 269 693 quam
292 606 411 695 ambigi,
436 607 518 696 quod
541 606 580 672 ad
600 607 772 672 Pronomen
795 602 947 694 ἀλλήλων
966 611 1122 695 pertineat.
1154 647 1190 656 —

243 713 485 807 ’Λλληλιγγιῑως
517 723 707 790 Adoerbc’um
741 736 794 788 est.
841 723 956 811 Regula
990 737 1088 789 antem
1122 727 1194 788 artis

179 841 385 924 grammaticae
407 840 480 906 bace
501 851 561 916 est,
590 860 611 904 a
638 837 745 904 Verbis
767 838 920 904 Adverbia
941 841 984 903 ita
1006 837 1136 916 formari,
1160 851 1196 902 ut

181 973 219 1017 ex
245 953 406 1042 Partieipio
439 955 623 1031 Praesentis,
657 957 815 1042 praecipue
849 953 966 1032 Activi,
1001 967 1031 1019 et
1058 953 1193 1030 Perfeeti,

98 1131 103 1136 .
179 1072 336 1158 praecipue
359 1071 492 1149 Passivi,
521 1063 714 1158 fingantur⁶).
754 1069 816 1136 Sed
843 1074 869 1137 si
896 1069 972 1136 illud
994 1094 1012 1136 a
1033 1069 1195 1157 Participio

179 1182 347 1251 Praesentis
372 1200 424 1252 aut
437 1185 563 1252 Perleeti
585 1185 677 1253 Medii
700 1184 866 1253 derivatum
889 1200 975 1262 esset,
997 1209 1058 1251 non
1081 1189 1112 1251 in
1135 1185 1197 1272 syl·

180 1298 277 1365 labam
299 1301 414 1366 finalem
432 1349 439 1366 .
457 1347 464 1362 .
480 1323 533 1378 ως,
558 1301 611 1366 sed
627 1350 634 1365 .
653 1349 660 1366 .
676 1323 790 1384 μενως,
814 1306 884 1367 etsi
899 1303 1091 1390 aParticipio
1107 1301 1197 1366 Prae-

182 1418 273 1480 sentis
297 1428 349 1480 aut
370 1415 497 1482 Persecti
514 1416 623 1493 Activi,
648 1420 679 1480 in
703 1417 871 1504 syllabam.
889 1465 897 1480 .
913 1437 996 1492 ντως
1017 1431 1070 1482 aut
1086 1465 1093 1481 .
1111 1464 1119 1482 .
1135 1439 1198 1492 τως

183 1533 264 1596 exire
287 1529 448 1596 debuisset.
488 1529 688 1614 Quamobrem
703 1555 766 1598 vox
786 1527 1008 1616 oilleptsyyritoc
1022 1555 1085 1597 non
1100 1533 1196 1597 solum

182 1669 245 1712 non
267 1669 286 1710 a
306 1646 408 1712 Medio
433 1643 625 1731 ἓγγυᾰομαι,
656 1648 709 1714 sed
730 1670 768 1713 ne
791 1647 828 1714 ab
851 1647 960 1713 Aetiro
983 1646 1108 1730 ἐγγυάω
1131 1651 1199 1736 qui·

184 1761 250 1828 dem
278 1761 471 1830 derivandum
494 1776 548 1829 est.
576 1802 612 1814 -
638 1764 791 1831 Aduerbio
813 1776 910 1829 autem
934 1787 973 1830 ea
995 1764 1199 1830 Substanticc's

184 1899 305 1966 quoquc
333 1892 362 1944 et
383 1879 552 1965 Adjectc'oc's
578 1874 692 1963 finnt⁷).
732 1881 823 1966 Quod
848 1881 886 1946 ad
910 1879 1110 1948 substantiva
1130 1901 1199 1965 per-

183 1997 272 2073 tinet,
301 1994 478 2082 probatione
505 2018 567 2061 non
590 1996 716 2085 indiget,
749 1992 973 2082 ἀλληλεγγύως
993 2019 1055 2062 non
1078 2017 1096 2059 a
1118 1993 1199 2061 Sub·

185 2113 314 2176 stantivo
349 2107 368 2174 ὅ
402 2109 552 2198 ἓγγιιὴτης
589 2109 747 2178 formatum
785 2135 858 2179 esse.
906 2111 996 2196 Quod
1029 2125 1126 2177 autem
1161 2111 1199 2175 ad

184 2223 338 2307 ὅέγγυος
364 2231 510 2316 pertinet,
540 2227 572 2292 id
599 2231 697 2315 ipsum
724 2227 903 2295 vocabulum
930 2231 1028 2293 minus
1052 2226 1199 2294 Substan-

183 2346 287 2422 tivum,
307 2366 396 2433 quam
408 2344 596 2431 Adjectivum
613 2357 667 2421 est,
684 2344 767 2432 qnod
782 2345 918 2412 Articulo
934 2347 1102 2432 anteposito
1119 2341 1200 2410 Sub-

185 2463 346 2525 stantivum
368 2459 479 2526 lactum
502 2473 556 2526 est.
595 2460 729 2548 Denique
743 2460 927 2550 Vaogerovii
942 2462 1120 2547 conjectura,
1145 2483 1200 2525 ro·

186 2595 247 2640 cem
275 2588 408 2642 nostram
431 2598 470 2640 ex
492 2573 641 2662 ἆλλήλως
664 2571 696 2658 (l.
713 2568 897 2664 eillp‘lorvl)
921 2589 950 2643 et
972 2570 1067 2660 dyraiq
1090 2575 1201 2642 forma-

185 2702 246 2755 tam
269 2712 341 2766 esse,
366 2713 401 2756 eo
418 2690 595 2784 excinditur,
619 2691 703 2778 quod
716 2691 865 2756 Particula
881 2691 1024 2779 syllabam
1039 2693 1155 2757 finalem
1169 2739 1197 2756 ..

186 2826 230 2880 ως
243 2797 375 2886 habet⁸).
415 2804 559 2892 Superest
572 2809 674 2892 igitur,
697 2819 732 2870 ιιι
746 2798 972 2889 ἄλληλεγγύως
987 2805 1024 2871 ab
1041 2807 1200 2891 Adjectioo

186 2917 331 2999 ἔγγυος
353 2919 557 2984 mecedem
579 2943 642 2984 esse
664 2920 805 2998 dicamus,
831 2941 896 2984 eum
912 2919 1064 2984 Adverbia
1084 2943 1120 2984 ex
1137 2920 1201 2985 Ad·

182 3035 300 3121 jectivis
323 3037 365 3100 ita
387 3047 613 3121 componantur,
637 3047 673 3100 ut
694 3034 786 3100 radici
800 3035 949 3122 Adjectivi
973 3029 1061 3116 (dryu
1075 3083 1082 3098 .
1097 3032 1118 3116 .)
1140 3034 1202 3122 syl-

187 3149 254 3215 laba
283 3150 377 3215 finalis
395 3197 402 3213 .
420 3197 428 3213 .
445 3173 488 3227 ως
511 3163 692 3216 annectatur.
733 3150 815 3235 Quae
838 3159 915 3216 cum‘
927 3154 968 3216 ita
991 3153 1066 3230 sint,
1096 3151 1201 3236 explo-

187 3287 287 3332 remus
312 3278 440 3354 oportet,
465 3288 540 3354 quae
564 3270 604 3332 sit
625 3270 710 3334 notio
734 3267 888 3354 Ady‘ecta'oe'
909 3262 1058 3348 ἔγγυος.

261 3381 431 3449 Secundum
466 3383 615 3472 exempla,
658 3405 733 3471 quae
766 3387 798 3448 in
828 3376 968 3466 lexicis⁹)
1001 3386 1200 3471 reperiuntur,

189 3501 348 3588 scriptores
372 3497 475 3565 Graeci
499 3501 561 3585 jam
584 3520 673 3564 aurea
695 3511 790 3564 aetate
812 3500 871 3565 hoc
893 3500 1050 3587 Adjectivo
1073 3503 1114 3565 ita
1137 3512 1203 3564 ute-

242 3682 265 3750 ο)
288 3683 320 3736 Κ.
333 3682 377 3736 W.
390 3682 508 3756 llrueger,
525 3681 542 3736 l.
554 3681 571 3737 l.
590 3681 659 3753 541,
674 3681 715 3736 12.
734 3683 767 3736 A.
779 3681 805 3736 4.
825 3713 859 3722 -
878 3682 943 3751 7)Κ.
956 3682 1000 3736 W.
1013 3683 1123 3755 Krueger
1139 3679 1164 3734 ll.
1177 3680 1201 3734 ll.

243 3778 265 3845 Β)
288 3780 429 3853 Vangcrow
447 3799 471 3852 p.
485 3779 527 3835 87.
554 3781 588 3836 V.
608 3780 721 3834 Matthiae
739 3779 756 3833 l.
767 3779 784 3833 l.
803 3780 852 3834 Th.
866 3780 884 3833 l.
903 3779 991 3850 5256,
1009 3782 1031 3846 l,
1046 3798 1067 3833 a.
1086 3798 1110 3851 p.
1124 3778 1183 3832 679.

243 3875 266 3945 ⁹)
289 3877 354 3932 Vide
378 3879 497 3949 imprimis
522 3877 642 3932 Tbesaur.
667 3878 770 3933 Graecae
798 3876 894 3950 linguae
922 3877 951 3930 ab
979 3879 1055 3932 llenr.
1080 3875 1202 3948 Stephano

190 3981 279 4028 consta
298 3973 362 4028 Edd.
375 3977 454 4042 Hane,
473 3975 502 4030 G.
516 3983 540 4030 et
550 3975 579 4032 1.
592 3973 718 4031 Dindorlii.
741 3975 818 4030 Paris.
834 3972 909 4030 1835.
931 3992 952 4028 ι.
965 3974 989 4027 h.
1002 3992 1026 4028 v.
1046 4005 1081 4016 -
1098 3975 1205 4037 Αέξικον

988 4070 1008 4128 8
