2952 4556
688 315 849 416 A...

247 503 344 568 'sitcr
359 503 524 587 excipiatur
543 509 671 586 oportet,
695 499 766 586 qnia
779 497 952 575 Accnrsius,
976 495 1060 585 qnod
1081 496 1120 561 ad
1141 509 1275 564 mutuam

251 617 339 684 'illam
368 615 589 702 fidejussionem
618 617 760 702 pertinet,
790 613 828 678 ab
854 613 969 680 Azouis
997 611 1134 700 partibus
1161 605 1274 696 staff),

260 754 372 822 neque,
396 743 430 796 nt
452 723 547 813 hic²⁸)
569 731 725 808 Bartoius,
751 752 817 795 cnm
839 730 970 796 Martino
994 731 1156 806 consentit,
1186 750 1276 818 qnam

261 841 377 930 aliae²⁴)
400 868 521 935 qnoque
545 845 668 912 Glossne
690 849 893 935 reponuntur,
918 843 1028 934 quibcn
1051 857 1190 934 apparet,
1214 845 1276 910 dis·

261 967 370 1031 crimen
392 961 430 1028 ab
446 962 591 1028 Accnrsio
614 965 691 1029 inter
712 960 887 1028 beneficium
908 959 1063 1028 divisionis
1087 982 1126 1026 ex
1139 960 1276 1048 Epistola

261 1081 323 1147 diri
352 1078 494 1145 Hadriani
521 1077 686 1166 proiectum
714 1092 744 1144 ct
767 1077 940 1144 beneficium
961 1075 1040 1143 Nor.
1057 1075 1101 1145 99
1131 1089 1276 1144 statutum

261 1219 323 1262 non
351 1217 424 1261 esse.

329 1311 506 1399 Opinionem
529 1333 713 1376 communem
736 1322 766 1375 ct
786 1313 851 1398 ipsc
867 1301 1090 1398 Hugotnus²⁵t
1114 1320 1177 1374 tum
1202 1305 1276 1375 Gui-

260 1428 376 1493 lielrnus
391 1420 588 1509 Dursntis'⁶),
609 1427 739 1494 ioannes
754 1418 902 1508 Faberi,
926 1423 1020 1492 Cinns
1041 1415 1275 1506 Pistoriensis”)

260 1556 443 1633 receperunt.
490 1543 583 1610 Cinus
611 1555 641 1609 et
662 1541 759 1608 Faber
785 1555 815 1608 ct
837 1534 1020 1622 Bartoius²⁰)
1044 1544 1276 1607 controversiam

262 1661 396 1737 offerunt,
422 1681 510 1748 quem
526 1660 562 1724 dc
577 1661 674 1748 primo
690 1658 832 1724 Noveliae
848 1669 1006 1745 praecepto
1014 1649 1052 1737 ⁸⁰)
1067 1657 1145 1734 Azo,
1168 1657 1275 1734 Diuus,

260 1775 391 1844 Jacobns
415 1775 451 1842 de
472 1777 573 1842 Arena
596 1797 661 1840 curn
686 1773 802 1852 Glossa,
828 1772 915 1850 Cino,
939 1771 1052 1838 Jacobo
1076 1772 1112 1838 dc
1133 1771 1274 1849 Belvisio,

261 1891 374 1959 Jacobo
390 1892 571 1978 Bou-ignis,
595 1888 746 1976 Rsyncrio
765 1889 801 1954 de
815 1887 949 1954 Forlivio
967 1887 1151 1967 habuerunt3
1175 1899 1276 1954 utrum

316 2124 350 2193 ¹⁸)
374 2123 411 2180 (11.
431 2125 457 2181 Si
477 2124 533 2195 quis
551 2125 615 2179 enim
633 2121 722 2178 alteror
741 2131 765 2178 ct
783 2121 820 2179 (11.
832 2123 954 2180 Abscntes
969 2123 1000 2179 ad
1011 2124 1075 2180 Nor.
1088 2123 1130 2180 99.
1149 2122 1187 2180 ot
1198 2123 1276 2180 inter·

262 2225 395 2280 cessionem
418 2221 503 2277 iactam
528 2222 559 2277 ac
582 2221 609 2276 L.
631 2221 662 2276 17
687 2220 763 2292 §ult
788 2221 818 2276 sd
841 2221 886 2279 Sc.
905 2219 990 2296 Vcilcj.
1021 2220 1058 2277 ot
1076 2222 1104 2278 ln
1122 2219 1228 2278 solidum
1246 2221 1276 2276 ad

262 2322 290 2374 L.
303 2321 336 2375 71
357 2319 387 2376 dc
404 2319 514 2391 fidejuss.

316 2416 351 2486 ²⁸)
373 2415 488 2472 Bartolus
506 2415 522 2469 1.
534 2405 550 2470 1.
570 2416 613 2470 cir.
630 2433 667 2470 nr.
680 2415 715 2470 67
726 2433 780 2487 sqq.

316 2513 350 2584 ³⁴)
375 2512 412 2568 (11
431 2513 520 2569 cedere
543 2521 567 2568 ct
585 2513 622 2568 (11.
641 2514 698 2568 Non
716 2515 797 2584 potuit
819 2522 843 2566 ct
861 2512 898 2569 ol.
916 2514 1023 2588 Legibus
1042 2515 1072 2569 sd
1090 2515 1154 2570 Nor.
1167 2515 1208 2570 99.
1238 2513 1276 2570 Gl-

263 2613 305 2667 Ad
328 2609 475 2666 solutionem
499 2610 528 2664 sd
552 2610 630 2665 nuth.
653 2611 707 2664 Hoc
725 2611 758 2664 its
778 2610 804 2664 c.
824 2611 862 2663 cit.
893 2609 930 2665 el.
949 2611 1021 2666 Ratio
1044 2612 1130 2668 suadet
1152 2613 1181 2667 sti
1199 2613 1228 2666 1..
1242 2609 1277 2668 38

264 2709 294 2763 dc
312 2707 401 2763 arimin.
419 2715 466 2762 tut
1005 2745 1009 2752 .

316 2805 351 2872 ²⁵)
374 2802 515 2878 flugolinus
533 2802 577 2859 11.
596 2802 682 2874 5357.
711 2803 748 2858 (11.
761 2807 800 2858 cit.
819 2805 849 2859 cd
866 2805 895 2860 L
909 2804 944 2862 38
962 2809 1001 2861 cit.

317 2901 351 2971 ι1)
374 2902 438 2958 (inii.
450 2902 560 2958 Dnrrndi
572 2899 667 2975 Specul.
675 2901 747 2972 juris.
773 2903 804 2957 T.
817 2903 937 2970 Minae,
955 2904 1024 2960 Brldi
1038 2904 1088 2960 rell.
1101 2905 1177 2960 theor.
1190 2903 1277 2961 illustre

265 3002 342 3057 1572.
359 3002 388 3057 P.
400 3001 430 3056 11.
447 3002 476 3056 L.
489 3002 518 3056 11.
536 3002 573 3057 De
590 3000 721 3057 renunciat.
740 3009 764 3054 et
782 2999 855 3056 concl.
873 3020 910 3056 nr.
925 3003 965 3058 17.
981 3003 1022 3060 18.

316 3098 352 3170 ¹⁷)
376 3100 400 3155 J.
412 3099 484 3154 Fabri
508 3100 642 3156 comment
666 3101 691 3153 in
710 3099 768 3154 lnst.
781 3100 872 3155 Justin.
891 3100 970 3176 Lugd.
985 3100 1061 3156 1565.
1079 3098 1121 3154 iol.
1134 3097 1169 3156 86
1188 3099 1217 3154 ad
1235 3099 1276 3154 Pr.

263 3197 288 3251 J.
307 3196 337 3251 dc
355 3196 413 3251 duo.
432 3214 452 3251 r.

317 3292 352 3360 ²⁸)
376 3293 470 3349 comm.
488 3295 514 3347 in
530 3293 589 3349 cod.
608 3302 632 3349 ct
649 3293 743 3366 aliquot
753 3295 815 3350 Titt.
827 3295 845 3349 1.
857 3295 933 3350 Pand.
946 3295 1021 3351 Toni
1039 3296 1075 3351 cd.
1087 3295 1141 3351 Nic.
1155 3294 1277 3352 Oisncrus.

264 3391 328 3447 Frci.
342 3408 363 3444 s.
375 3391 410 3445 11.
425 3389 501 3446 1578.
530 3391 570 3445 sd
588 3391 666 3446 Auen.
686 3394 725 3446 cit.
743 3409 780 3445 nr.
795 3393 817 3445 1.
833 3393 874 3446 15.
1010 3406 1013 3411 ’

317 3487 352 3557 ²⁹)
375 3488 400 3543 1.
412 3487 491 3542 Faber
508 3487 552 3542 11.
579 3488 694 3544 Bartolus
713 3488 757 3545 11.
774 3507 811 3544 nr.
826 3489 886 3544 l.2.
914 3490 1053 3548 Cinusii.
1071 3507 1108 3545 nr.
1125 3492 1147 3544 l.

317 3586 352 3655 30)
375 3586 404 3641 ln
427 3588 535 3641 orations
558 3589 669 3659 sequenti
692 3587 792 3642 vocibus
815 3589 956 3659 ·primnm·
984 3597 1008 3644 ct
1032 3588 1183 3645 »secundum
1207 3605 1277 3661 prac-

265 3692 379 3756 ceptum·
397 3685 431 3739 its
448 3692 555 3751 utcmnn
574 3693 602 3740 ut
619 3685 678 3740 iliud
697 3687 726 3741 ad
739 3687 861 3741 demtum
874 3686 1013 3752 sustinent,
1031 3695 1060 3741 nt
1076 3690 1152 3742 correi
1169 3687 1277 3752 debendi,

265 3785 287 3838 si
304 3784 328 3836 in
347 3780 454 3840 solidum
471 3785 547 3840 teneri
565 3801 591 3839 sc
608 3783 669 3840 velle
681 3787 833 3841 conventioni
845 3801 904 3840 suae
915 3802 965 3839 non
978 3787 1130 3851 inseruerint,
1149 3803 1194 3858 pro
1211 3793 1278 3857 parte

265 3883 387 3938 conveniri
404 3881 512 3948 debeant,
531 3883 576 3937 hoc
594 3882 625 3938 ad
636 3883 778 3940 beneficium
790 3884 908 3956 respiciat,
927 3883 994 3955 qnod
1007 3885 1104 3952 concis,
1122 3885 1144 3938 si
1155 3882 1215 3938 ntur
1233 3899 1278 3936 cx·

264 3982 403 4052 presserint,
421 3980 617 4036 accommodavit.
