2952 4556
642 298 802 402 A

216 481 303 549 »dass
337 485 378 549 sie
407 479 448 547 in‘
466 484 545 548 einer
573 483 703 548 niiheren
731 481 773 545 uls
803 480 855 547 der
883 495 968 547 sonst
1001 481 1226 571 gewlihnliehen

215 598 412 687 Verbindung
434 621 474 664 zu
497 597 636 664 einander
658 598 761 663 stehen
785 598 923 664 wolton·

281 716 468 782 Postremum
492 708 683 796 Dedelrindu)
707 726 811 778 eontra
834 711 1009 802 Suvignium
1032 712 1171 790 defendit,
1196 717 1227 778 in

216 831 245 896 d.
261 832 294 897 L.
313 829 350 898 ll
369 854 415 920 pr.
432 853 494 896 noo
517 829 553 896 de
576 829 696 895 duobus
719 833 777 895 reis
801 828 1009 915 promittendi,
1034 828 1086 893 sed
1110 830 1145 894 de
1161 829 1228 917 plu·

214 948 298 1012 ribus
332 941 438 1036 251³),
474 950 525 1035 qui
560 968 648 1011 unam
683 945 863 1033 eandemque
896 966 1040 1010 summurn
1075 944 1228 1031 stipulanti

215 1064 352 1129 creditori
376 1064 464 1128 simul
486 1065 686 1151 promiserint,
714 1065 755 1124 itu
778 1075 812 1126 nt
833 1084 890 1148 pro
913 1073 996 1148 porte
1020 1047 1143 1149 obligati
1158 1063 1227 1136 sint,

214 1191 244 1244 et
259 1192 409 1266 praeterea
424 1181 548 1244 invicem
563 1179 754 1264 fidejussores
773 1175 829 1241 sibi
845 1179 1026 1242 exstiterint:
1045 1176 1228 1265 eundemque

215 1316 314 1360 eusum
331 1295 532 1361 alostininno
555 1298 586 1358 in
601 1293 726 1358 Novella
748 1304 852 1356 nostra
874 1297 994 1358 tracturi
1017 1296 1157 1380 opinatus
1173 1305 1226 1358 est.

216 1408 305 1492 Quod
327 1410 511 1497 probaturus
534 1422 620 1474 textu
637 1407 825 1473 Florentinee
849 1407 878 1472 d.
894 1408 930 1472 L.
949 1406 985 1473 ll
1005 1429 1068 1496 pne

327 1525 428 1589 »Reos
451 1523 643 1611 promittendi
667 1525 730 1588 viee
753 1534 857 1586 mutua
878 1522 1070 1608 fidejussores
1098 1546 1159 1588 non
1182 1527 1228 1590 io·

326 1639 438 1704 utiliter
460 1642 551 1725 aeeipi
567 1640 714 1705 convenit.
745 1637 826 1703 Reus
841 1640 941 1725 itaque
963 1638 1229 1724 stipulondieotio-

327 1777 393 1820 nem
423 1776 507 1820 suam
537 1752 668 1818 dividere
697 1757 722 1818 si
752 1753 823 1819 velit
852 1749 964 1840 (neque
992 1756 1068 1818 enim
1098 1753 1228 1818 dividere

326 1869 476 1958 cogendus
500 1866 562 1951 est)
584 1870 695 1957 poterit
718 1869 842 1934 eundem
864 1882 899 1934 ut
921 1869 1110 1957 principalem
1133 1891 1227 1947 reum,

325 1989 395 2051 item
430 1988 481 2074 qui
514 1983 674 2072 fidejussor
700 2008 757 2072 pro
787 1986 879 2052 altero
909 1988 1038 2062 exstitit,
1068 1988 1099 2049 in
1127 1998 1227 2073 portes

325 2105 496 2178 convenire3
527 2123 589 2166 non
617 2123 701 2167 seeus
732 2101 915 2167 residuos
944 2101 1136 2190 promittendi
1158 2124 1227 2168 reos

326 2218 429 2284 divisis
452 2217 620 2284 actionibus
644 2220 845 2283 conveniret·

212 2337 321 2422 rejecto
345 2346 375 2400 et
396 2346 482 2399 texto
504 2333 666 2422 Vulgotee:

325 2450 424 2516 ‘Reos
447 2449 640 2539 promittendi
663 2453 725 2514 viee
748 2463 852 2515 mutua
879 2449 1068 2537 fidejussores
1097 2472 1160 2516 non
1182 2454 1228 2516 in·

324 2568 435 2632 utiliter
455 2569 549 2654 -aeeipi
572 2570 719 2632 convenit.
765 2566 880 2632 Poterit
906 2570 1007 2655 itaque
1035 2589 1104 2632 reus
1131 2570 1228 2656 stipu-

324 2682 404 2748 landi
427 2685 571 2747 astionem
595 2703 679 2746 suam
702 2681 832 2747 dividere
862 2685 888 2745 si
917 2683 1003 2760 velit3
1031 2686 1226 2770 nequeenim

325 2797 455 2863 dividere
478 2796 629 2884 cogendus
653 2810 712 2872 est,
737 2796 924 2884 sed-poterit
945 2796 1070 2862 eundem
1092 2812 1127 2863 ut
1144 2801 1227 2887 prin·

325 2913 446 2998 ripolem
476 2914 633 2977 convenire
663 2933 755 2977 reum.
801 2897 873 2975 llum
897 2932 963 2975 eum
987 2916 1038 2998 qui
1067 2912 1227 2999 fidejussor

324 3049 381 3114 pro
397 3026 490 3091 altero
514 3029 660 3091 exstiterit
682 3029 711 3090 in
735 3038 834 3112 partes
856 3029 1013 3092 convenire
1027 3040 1142 3116 potest3
1164 3051 1227 3095 non

325 3164 409 3208 seous
433 3163 466 3208 ue
490 3145 514 3206 si
538 3141 615 3206 duos
637 3161 706 3206 reos
730 3140 833 3206 divisis
848 3140 1015 3207 actionibus
1031 3147 1225 3210 eonveniret.·

213 3262 254 3326 ita
276 3271 405 3326 mutato:

323 3375 424 3440 ‘Reos
448 3373 639 3462 promittendi
663 3377 725 3440 vioe
748 3387 851 3441 mutuo
878 3375 1069 3463 fidejussores
1097 3400 1158 3443 non
1180 3381 1226 3444 in·

323 3493 435 3558 utiliter
457 3494 549 3578 aeeipi
573 3494 720 3556 convenit.
766 3491 881 3558 Poterit
902 3495 1002 3581 itaque
1032 3515 1100 3559 reus
1130 3497 1227 3583 stipu-

322 3608 418 3684 lundi‚
443 3611 587 3673 actionem
610 3627 694 3672 snam
718 3606 849 3672 dividere
873 3611 898 3672 si
921 3609 992 3674 velit
1014 3605 1127 3696 (neque
1149 3613 1225 3675 enim

211 3723 423 3735 -——-

267 3773 299 3840 11)
322 3772 446 3828 Dedelrind
464 3790 488 3844 p.
504 3773 555 3827 154
567 3789 622 3843 sqq.

266 3869 299 3938 ¹¹)
324 3872 378 3936 Qua
396 3872 420 3925 in
438 3888 464 3925 re
477 3870 618 3944 Vangerow
630 3887 653 3942 p.
666 3869 709 3924 92.
721 3869 755 3924 93
770 3877 795 3925 et
807 3870 890 3942 (quem
903 3873 955 3943 ipse
966 3889 1016 3926 non
1027 3870 1132 3944 inspexi)
1143 3870 1225 3939 Brinz,

211 3967 281 4022 Neue
299 3967 411 4024 lrritirehe
429 3967 522 4024 Blitter
538 3987 563 4042 p.
576 3966 611 4024 36
629 3985 686 4023 euru
705 3969 781 4023 uenti
799 3977 865 4024 sunt.
