2952 4556
660 327 819 428 „ffl-

234 508 372 587 firmavit,
397 507 436 575 ad
457 527 546 596 pan
569 519 599 572 et
620 508 685 596 ipse
708 506 745 572 de
760 501 948 590 Schroeter⁸i
968 511 1096 574 maxima
1111 531 1149 574 cx
1163 521 1259 598 parte·

236 627 367 692 accessit.
405 623 591 712 Quamquam
619 625 695 689 enim
723 619 876 688 Nevettnn
905 622 943 688 ad
973 647 1025 690 eos
1054 647 1174 691 correns
1201 647 1248 692 re-
1312 670 1317 680 ·

235 744 369 829 stringit,
400 743 453 828 qui
481 761 520 806 cx
546 760 634 804 causa
664 760 791 805 onerosa
814 738 875 805 duo
898 744 942 806 rei
963 740 1155 830 promittendi
1179 739 1248 808 iacti
1277 735 1279 742 ’

236 868 321 933 sunt,
350 859 386 921 iis
415 868 513 921 tamen
535 853 707 920 beneficium
731 854 886 922 divisionis
909 858 940 920 in
962 857 1042 922 hune
1064 855 1186 922 modurn
1208 855 1246 920 ab

235 971 413 1059 inperatore
435 968 690 1037 accommodatum
710 992 775 1038 ease
798 969 878 1050 dicit,
905 983 940 1038 ut
961 971 1110 1049 creditori,
1134 975 1186 1058 qui
1209 971 1246 1036 ab

235 1109 298 1154 uno
326 1089 423 1154 ninus
452 1099 536 1174 parte
566 1085 644 1151 ririii
671 1098 848 1152 consecutus
871 1091 926 1165 sit,
955 1086 994 1154 ad
1017 1100 1130 1154 ceteros
1151 1086 1247 1154 redire

235 1203 333 1279 liceat,
365 1206 417 1290 qni
446 1206 551 1270 iterum
583 1205 659 1268 inter
691 1224 722 1267 se
751 1200 894 1268 beneficio
925 1201 1080 1267 divisionis
1110 1214 1247 1290 respectu

235 1319 327 1408 hujus
349 1323 442 1406 partis
465 1316 624 1407 gaudeant.
660 1317 806 1402 Quocirca
825 1318 862 1383 de
878 1317 1037 1384 Sebroeter
1051 1320 1138 1384 etiarn
1154 1319 1247 1406 magis

235 1457 324 1524 quam
347 1434 488 1500 Bartolus
516 1437 593 1500 inter
621 1433 759 1501 doctores
786 1436 936 1522 opinionis
959 1435 1123 1512 communis
1145 1455 1248 1499 nume·

235 1564 318 1618 retur
340 1563 470 1641 oportet.

708 1815 776 1900 aa.

252 1937 469 2019 Sententiae
492 1971 611 2016 novae
634 1949 873 2027 Barchardii,
897 1948 1129 2038 Vangerorii
1154 1962 1236 2014 cett.

304 2130 333 2196 A
357 2128 486 2217 Georgia
511 2125 682 2194 Christiano
699 2126 884 2193 Burohardio
908 2129 997 2194 series
1020 2128 1109 2216 longa
1131 2140 1249 2194 senten-

237 2248 345 2312 tiarum
368 2266 514 2311 novarum
536 2246 648 2332 incipit,
672 2264 797 2332 quarum
820 2255 966 2322 auctores,
990 2246 1133 2332 imprimis
1153 2242 1249 2308 Dede-

237 2361 311 2428 kind
346 2373 375 2427 et
401 2359 562 2436 Rueckert,
600 2362 856 2448 interpretationes
883 2357 1023 2424 Noreliac
1051 2362 1249 2426 accuratiores

237 2498 406 2566 proponere
429 2474 619 2541 studuerunt.

304 2584 498 2673 Burchardi¹)
527 2613 601 2656 voce
629 2587 702 2654 citt.
729 2586 783 2657 irc.
812 2591 884 2656 taies
913 2587 1062 2656 debitores
1091 2589 1249 2678 significari

238 2704 398 2784 contendit,
423 2709 475 2794 qui
498 2705 629 2774 debitum
654 2706 808 2772 dividuum
831 2709 1025 2773 communiter
1047 2708 1251 2773 contraxerint

238 2834 268 2889 ct
289 2834 439 2910 praeterea
455 2825 578 2888 invicem
600 2825 677 2890 iuter
692 2845 723 2888 se
737 2822 945 2910 fidejusserint.
980 2823 1082 2911 Itaque
1098 2824 1122 2886 si
1138 2821 1248 2908 plures,

236 2938 310 3004 teies
333 2937 481 3005 debitores
504 2937 587 3018 sacti,
617 2942 649 3004 iu
677 2938 806 3005 solidum
828 2941 921 3005 teneri
944 2959 975 3004 se
998 2938 1072 3005 veile
1094 2959 1156 3003 non
1179 2957 1250 3022 pro·

237 3057 384 3133 miserint,
415 3052 611 3144 obligationes
640 3075 743 3122 eornm
772 3058 894 3121 omniuo
917 3067 1068 3143 separatas
1092 3074 1155 3118 csse
1179 3050 1251 3116 dicit

237 3192 333 3258 neque
361 3193 460 3237 veram
487 3170 709 3256 fidejussionem
737 3183 870 3236 mutuam
902 3163 1044 3253 adesse²).
1095 3167 1149 3236 Sin
1177 3189 1249 3232 vero

291 3387 313 3454 ⁶)
338 3387 452 3442 zeitschr.
471 3385 488 3443 i.
507 3387 534 3444 G.
546 3388 576 3443 R.
594 3405 620 3442 u.
638 3387 678 3442 Pr.
697 3405 720 3440 v.
739 3387 814 3444 Linde
832 3398 886 3446 cett.
913 3389 960 3444 Bd.
976 3389 1020 3444 vl.
1047 3386 1122 3444 1833.
1141 3405 1177 3440 nr.
1194 3383 1250 3440 xlt.

238 3503 262 3558 p.
276 3483 328 3542 438
341 3503 396 3558 sqq.

293 3585 314 3651 ι)
337 3582 471 3638 Burohardi
488 3581 504 3636 1.
518 3581 533 3637 Ι.
551 3599 574 3654 p.
587 3581 629 3637 49.
642 3583 685 3637 71.
710 3583 798 3637 Lchrb.
811 3583 834 3638 d.
847 3584 920 3639 Rem.
933 3585 1030 3639 Rechts.
1048 3583 1097 3639 Th.
1110 3583 1139 3638 li.
1158 3581 1249 3652 stuttg.

240 3679 316 3736 1846.
334 3698 358 3752 p.
372 3681 431 3735 711.

290 3779 312 3846 ²)
335 3777 470 3834 burchardi
492 3778 568 3834 Arch.
590 3795 614 3849 p.
627 3776 668 3834 58.
699 3777 847 3850 Principium
869 3776 985 3833 Novellae
1007 3779 1041 3833 ita
1064 3775 1249 3832 cncumwbit:

238 3878 339 3934 ·Weun
363 3875 466 3932 nimlich
484 3877 584 3948 jemand
608 3874 717 3932 Mebrcre
739 3883 811 3932 unter
833 3877 1006 3950 gegeuseitiger
1028 3875 1194 3948 Verbtrgung
1219 3889 1251 3927 zu
