2952 4556
683 391 842 403 -c——-—

255 481 366 571 gallun
389 503 455 547 cnm
478 483 582 547 ceteris
606 479 726 548 dnobus
743 478 868 548 Novella
889 485 1068 562 continetur,
1090 505 1145 550 nec
1167 483 1272 552 discri-

257 619 325 663 men
357 597 451 663 ullum
479 600 556 665 inter
583 618 636 663 eos
663 598 756 664 adest.
801 596 846 663 tta
875 611 973 664 antem
1002 597 1167 667 differentis
1193 605 1271 668 inter

258 713 377 780 eosdem
400 713 567 792 intercedit,
599 713 682 802 qnod
710 712 791 804 apud
812 713 1016 780 Helonndrnm
1042 714 1174 782 diverses
1194 717 1270 804 legis

255 833 479 918 propositiones
517 828 649 895 diversae
686 851 807 918 quoqne
844 830 1021 918 legislatoris
1058 831 1270 921 dispositioncs

257 958 439 1034 sequnntur,
462 944 681 1034 Ronchegsllus
708 957 805 1011 nutem
828 945 947 1011 casibus
969 945 1170 1013 dissimillimis
1192 946 1270 1014 idem

257 1083 373 1150 semper
394 1062 583 1148 Imperatoris
607 1060 756 1128 decretum
775 1061 872 1127 velere
894 1061 1053 1128 arbitratus
1077 1075 1132 1128 est
1171 1062 1271 1129 sMix·

256 1189 344 1242 tnrs«
374 1199 444 1242 sene
472 1189 501 1242 et
524 1175 676 1255 conlusio,
707 1199 783 1265 quae
805 1180 898 1266 magis
921 1177 1065 1244 dementis
1088 1191 1149 1257 est,
1180 1199 1269 1266 qnam

252 1291 460 1380 jurisperitum
485 1291 581 1358 decet!

323 1407 374 1473 Ad
388 1408 545 1474 Donellnm
560 1421 624 1474 tum
640 1409 814 1488 accedimns,
838 1409 923 1498 eujus
940 1409 977 1475 de
992 1412 1133 1498 opinione
1148 1431 1269 1498 magnae

257 1527 462 1589 commotiones
490 1527 567 1590 inter
595 1528 754 1612 scriptores
781 1527 878 1590 nostri
906 1528 1048 1614 temporis
1079 1539 1160 1592 ortae
1189 1515 1284 1615 suntss

256 1632 437 1723 neverum,
467 1633 691 1721 Burchsrdi¹⁰),
721 1633 935 1723 Heimbaehu),
966 1635 1142 1734 Savigny¹¹l
1168 1662 1270 1706 omnes

257 1777 364 1822 nomen
380 1756 498 1822 Donelli
514 1755 572 1822 sibi
586 1768 701 1845 petunt,
726 1768 830 1821 contre
852 1777 929 1843 quos
945 1749 1139 1840 Dedclsind¹⁸)
1155 1759 1269 1836 asserit,

258 1875 427 1960 opinionem
450 1872 655 1937 Donellisnsm
677 1893 777 1936 veram
802 1894 819 1936 n
841 1875 956 1937 nemine
978 1894 1082 1938 eorum
1104 1885 1269 1961 perceptam

258 2009 332 2053 esse.
377 1985 513 2069 Quorum
542 1991 572 2052 in
602 2008 691 2052 censa
719 2009 756 2052 ne
784 1986 844 2052 ulls
870 1987 988 2076 quidem
1015 1991 1093 2054 ratio
1121 1987 1272 2054 Burchsr·

259 2101 341 2168 dium
364 2101 495 2190 adjuvat,
523 2102 684 2169 sedetiam
708 2103 790 2191 qnod
813 2103 851 2169 ed
874 2116 986 2169 ceteros
1009 2106 1137 2192 pertinet
1159 2126 1206 2170 res
1230 2107 1271 2169 its

259 2239 291 2283 sc
319 2217 424 2295 hebet,
453 2231 489 2284 ut
509 2217 653 2285 Donellns
676 2219 839 2286 Helosndri
867 2219 985 2307 quidem
1010 2223 1146 2308 opionem
1171 2219 1272 2285 defen·

259 2355 348 2398 surus
371 2332 425 2398 'sed
447 2354 481 2398 ee
504 2347 638 2401 accurate
658 2358 718 2401 non
734 2347 889 2423 perspecta
903 2334 941 2400 ed
957 2336 1042 2401 aliem
1058 2347 1147 2424 atque
1162 2357 1270 2401 novam

259 2451 433 2515 sententiam
454 2453 630 2537 pervenerit,
655 2473 741 2538 quem
758 2450 912 2517 Detetind
932 2464 1011 2518 reete
1026 2451 1179 2519 intellexit.
1211 2451 1272 2516 Te·

257 2587 325 2632 men
360 2587 426 2631 cum
454 2565 609 2632 Dedelrind
643 2588 738 2655 neque
770 2580 905 2633 naturam
937 2566 1070 2633 beneficii
1098 2589 1117 2632 c
1143 2566 1270 2632 Donello

259 2684 384 2769 accepti,
415 2703 511 2769 neque
539 2682 692 2770 quomodo
716 2695 815 2770 partes
839 2685 988 2769 opinionis
1010 2687 1088 2749 inter
1109 2705 1141 2748 se
1164 2682 1271 2748 cohae-

258 2809 359 2874 reant,
384 2796 580 2886 descripserit,
604 2821 665 2864 non
688 2811 733 2864 est
755 2797 939 2887 superfluum
962 2821 1025 2866 enm
1049 2798 1218 2888 diligentius
1241 2808 1271 2862 et

259 2915 411 3002 copiosius
434 2914 483 2980 hic
504 2916 658 3004 explicere.

260 3079 468 3092 -n—-o--na-

312 3183 334 3252 ⁹)
357 3185 469 3240 Asvcrus
487 3205 511 3258 p.
527 3187 568 3241 14.

314 3281 347 3347 ¹⁰)
369 3281 460 3336 Archiv
477 3281 495 3336 1
514 3282 575 3336 civil.
594 3284 688 3338 Premis.
708 3283 753 3338 Bd.
765 3283 834 3338 XIX.
853 3301 876 3354 p.
889 3283 931 3338 49.
946 3283 989 3338 52.

314 3378 346 3448 ¹¹)
369 3379 483 3434 Zeitsehr.
502 3379 518 3432 i.
538 3380 589 3435 civ.
601 3381 632 3435 tt
650 3399 675 3435 u.
694 3381 721 3435 Ρ.
740 3380 786 3435 Bd.
798 3380 867 3435 XVI.
885 3398 909 3452 p.
922 3380 965 3435 66.

313 3475 347 3544 ¹²)
371 3475 642 3548 Obligationendlccht.
663 3479 686 3532 1.
699 3478 744 3532 Bd.
762 3477 826 3533 Berl.
840 3476 915 3532 1851.
934 3494 958 3548 p.
971 3476 1031 3532 282.
1050 3486 1099 3532 not
1113 3479 1137 3532 lc.

314 3573 346 3643 ¹⁸)
369 3573 493 3628 Dedclsind
512 3574 581 3644 589.
606 3576 640 3628 Et
660 3577 712 3646 ipsc
733 3575 874 3630 Ludovieus
892 3575 1011 3630 Rliclsert:
1035 3575 1138 3646 Princip.
1157 3575 1222 3644 juris
1240 3573 1270 3629 de

259 3674 405 3744 exceptione,
425 3689 500 3743 quem
510 3663 604 3738 vocant,
618 3673 750 3738 divisionis.
769 3673 875 3746 Gotting.
890 3671 966 3728 1852.
984 3691 1008 3744 p.
1021 3671 1073 3726 325
1082 3689 1140 3743 sqq.
1159 3669 1226 3742 qnod
1239 3671 1270 3724 ed

258 3773 364 3844 primum
382 3769 498 3825 Novellae
514 3779 668 3842 praeceptum
686 3772 793 3842 respicit,
816 3769 965 3825 liedelsindio
988 3771 1104 3834 assensit,
1127 3768 1194 3840 qued
1211 3784 1270 3822 vero

259 3867 392 3923 secundum
410 3869 504 3934 attinet,
529 3867 659 3923 Donellum
677 3868 798 3924 contendit
818 3886 914 3924 correns
932 3869 983 3923 viee
1005 3876 1092 3922 mutua
1114 3865 1270 3939 fidejussores

254 3965 329 4039 juxte
346 3965 369 4021 d.
386 3967 415 4021 L.
431 3967 460 4022 11
481 3985 518 4039 pr.
536 3969 661 4039 accepisse.
