2952 4556
656 259 816 362 ...¹2-

231 446 293 510 rice
321 455 425 510 mutua
452 441 644 531 fidejussores
670 442 727 508 sibi
750 453 822 508 sunt
843 437 927 517 laeti,
959 461 1088 530 quorum
1111 441 1243 510 debitum

227 580 386 626 commuue
421 581 486 625 esse
512 559 698 624 lastinianus
727 555 805 623 Nov.
829 555 882 624 99.
912 555 987 646 Cap.
1008 559 1021 622 l
1040 558 1091 623 Pr.
1126 562 1158 625 irr
1185 559 1243 626 line

232 687 456 752 commemorat,
492 697 545 740 eos
573 686 697 763 propter
723 687 859 740 naturam
889 673 1090 760 fidejussionis
1123 687 1245 742 mutuae

231 791 432 880 principaliter
460 789 607 879 obligatos
637 812 701 856 esse
731 802 851 878 oportet
879 801 909 854 et
936 787 1084 868 debitum,
1115 811 1154 855 ex
1182 811 1243 879 quo

233 905 356 995 obligati
378 919 459 985 suut,
482 909 676 972 cummuniter
698 908 909 971 contraxerint.
946 905 1050 992 ltaque
1073 908 1098 971 si
1121 907 1245 994 stipula·

232 1026 308 1089 tiuni
330 1023 376 1088 vel
403 1025 593 1088 conventioni
616 1043 718 1088 vocem
745 1024 795 1086 »iu
818 1019 967 1086 solidum·
991 1043 1053 1086 non
1075 1020 1244 1109 adjecerint,

231 1140 394 1227 Imperator
416 1141 579 1215 constituit,
603 1151 639 1204 ut
657 1158 759 1203 omnes
775 1159 813 1203 ex
828 1157 924 1224 aequo
940 1139 1084 1202 actionem
1100 1141 1245 1204 sustinere

233 1252 359 1320 debeant
382 1249 625 1336 (ssustiuentos).
663 1253 738 1319 Nam
761 1256 805 1318 uti
826 1253 937 1341 plures,
961 1255 1013 1340 qui
1036 1275 1097 1319 non
1120 1256 1151 1319 iu
1173 1254 1246 1320 soli·

233 1369 304 1435 dum
339 1391 371 1434 se
406 1368 554 1458 obligant,
589 1391 627 1436 cx
661 1368 762 1434 debito
794 1372 942 1434 communi
970 1390 1026 1456 pro
1054 1382 1139 1457 parte
1167 1370 1245 1435 virili

232 1498 379 1562 torrentur,
402 1489 444 1550 ita
467 1506 587 1574 quoque
609 1497 759 1574 tamquam
781 1483 973 1572 fidejussores
992 1488 1089 1550 mutui
1104 1505 1161 1573 pro
1177 1506 1246 1571 par-

232 1601 314 1668 tibus
338 1600 551 1690 obligabuntur
568 1614 598 1668 et
614 1605 656 1667 sic
670 1600 843 1667 beneficium
859 1602 1044 1666 excussionis
1061 1613 1246 1688 opponentes

233 1717 265 1783 id
292 1715 433 1795 efficient,
463 1731 500 1783 ut
526 1739 584 1783 sex
613 1738 707 1803 aequo
737 1720 881 1782 actionem
912 1719 1102 1781 sustineant«
1128 1753 1164 1765 -
1192 1714 1246 1782 Sin

234 1855 305 1900 vero
333 1834 392 1898 tale
419 1832 493 1920 quid
521 1830 666 1920 adjectum
697 1835 750 1908 sit,
781 1852 883 1896 omnes
912 1851 1003 1918 quum
1032 1845 1181 1919 tamquam
1204 1835 1246 1898 rei

232 1948 420 2037 principales,
444 1961 508 2012 tum
526 1951 611 2035 quasi
625 1946 816 2034 fidejussores
839 1949 935 2011 mutui
958 1949 989 2011 in
1010 1946 1138 2013 solidum
1154 1951 1247 2014 teneri

235 2063 360 2139 debent,
388 2061 526 2129 eruditori
553 2085 624 2129 vero
655 2061 815 2150 quemlibet
842 2066 873 2128 iu
902 2062 1030 2128 solidum
1057 2063 1163 2152 eligere
1185 2086 1246 2130 uon

234 2180 311 2257 lieet,
335 2178 388 2244 secl
411 2159 512 2244 omues
534 2180 586 2266 qui
602 2191 772 2266 praesentes
788 2191 860 2243 sunt
874 2179 962 2243 simul
977 2182 1134 2246 convenire
1150 2179 1246 2258 debet,

236 2317 296 2382 quo
316 2294 412 2382 judex
434 2297 583 2382 inquirere
604 2298 711 2381 possit,
736 2306 836 2360 utrum
861 2317 972 2372 omncs,
997 2317 1033 2360 an
1057 2299 1110 2384 qui
1130 2309 1160 2361 et
1174 2317 1244 2384 qua·

235 2424 321 2486 tenus
345 2409 489 2476 solvendo
512 2413 580 2476 sint.
615 2409 648 2476 Si
665 2432 766 2476 omues
781 2413 997 2476 examinatione
1012 2409 1088 2476 lacta
1103 2410 1248 2479 solvendo

236 2530 305 2604 siut,
329 2538 392 2591 tum
411 2526 508 2613 judex
529 2538 626 2592 totum
650 2529 727 2592 iuter
749 2549 800 2592 eus
824 2525 954 2594 debiturn
978 2549 1034 2615 pro
1058 2530 1159 2617 aequis
1177 2550 1248 2617 por·

235 2641 369 2708 tionibus
397 2664 451 2730 per
473 2645 645 2708 seutentiam
670 2640 843 2721 distribuet;
872 2646 897 2708 si
920 2665 981 2708 nou
1005 2665 1123 2722 omues,
1151 2647 1173 2709 ii
1196 2645 1248 2732 qui

236 2757 380 2824 solvendo
404 2771 475 2825 suut
497 2762 528 2824 iu
550 2758 581 2825 id
603 2780 734 2848 quoque,
758 2757 841 2847 quod
864 2762 961 2826 miuus
983 2772 1068 2848 parte
1086 2759 1163 2824 virili
1186 2781 1249 2824 me·

237 2874 317 2941 ditor
340 2898 356 2939 a
378 2874 559 2964 pauperibus
583 2878 685 2941 ceteris
702 2888 915 2941 consecuturus
932 2878 980 2954 sit,
1004 2873 1166 2964 etquidem
1181 2897 1249 2941 rur·

237 3012 288 3055 sus
320 3013 377 3079 pro
412 2995 513 3080 aequis
541 2990 678 3081 partibus
707 2991 922 3058 condemnandi
952 3002 1031 3057 sunt.
1078 2989 1128 3056 Sic
1152 2989 1247 3077 judex

214 3106 398 3172 'secundum
431 3110 653 3195 inquisitionem
687 3105 859 3174 facultatum
891 3107 1022 3173 habitam
1051 3110 1248 3195 pronunciare

237 3215 365 3302 debet‘),
389 3235 500 3309 quanta
523 3222 615 3289 debiti
637 3245 706 3311 pars
729 3223 766 3288 ab
782 3244 967 3312 unoquoque
983 3222 1125 3290 solvenda
1139 3225 1188 3287 sit.
1208 3258 1245 3270 -

238 3335 321 3422 Quae
343 3358 409 3402 cum
432 3339 474 3402 ita
496 3341 569 3416 sint,
602 3351 726 3426 apparet
747 3341 875 3426 primum
897 3337 1038 3404 Novellae
1059 3349 1248 3427 praeceptum

236 3473 339 3519 revera
366 3464 554 3541 praeceptum
583 3476 644 3519 non
673 3476 785 3521 novum
814 3475 878 3520 esse
901 3467 930 3521 et
952 3454 1020 3522 iude
1042 3452 1151 3521 iactum
1174 3475 1248 3532 esse,

290 3734 312 3804 ⁸)
335 3734 473 3790 Hrloaurler
490 3734 583 3790 etiamsi
601 3735 652 3790 »lta
671 3736 734 3791 enim
753 3743 777 3792 et
794 3737 829 3791 rei
847 3753 931 3792 omncs
948 3738 974 3790 iu
991 3737 1185 3810 disquisitionem
1202 3753 1249 3790 vo·

237 3833 371 3889 cabuutur·
388 3835 491 3906 scripsit,
509 3834 591 3902 modo,
611 3851 660 3906 quo
679 3851 741 3890 usus
759 3844 817 3901 erat,
836 3841 930 3890 mutato
949 3833 1067 3910 siguificat
1084 3853 1111 3890 se
1125 3852 1175 3891 nou
1187 3834 1249 3890 Bar-

237 3929 314 3986 tolum
333 3932 454 3986 assectari.
